2950 4276
1103 145 1408 217 Astronomia
1445 145 1732 197 mechanica.
2596 142 2696 194 183

0 293 132 345 ubera
154 291 394 358 ¹sententia
439 296 626 337 naturae
665 290 1000 338 scrutatoribus
1037 289 1130 338 hoc
1169 305 1286 339 onus
1319 292 1635 353 gravissimum
1668 297 1786 339 esset
1819 290 2105 353 impositura,
2157 290 2231 336 cui
2265 286 2545 352 expediendo
2581 290 2696 336 vires

0 399 149 457 mum
197 382 389 443 fortasse·
434 398 662 447 nunquam
705 379 987 446 sufficerent.
1054 384 1119 432 Ex
1161 399 1252 448 quo
1291 383 1349 432 ad
1391 392 1595 450 nostrum
1638 383 1924 441 commodum
1966 385 2124 448 utique
2164 390 2282 431 esset
2322 382 2593 446 optandum,
2644 390 2695 431 ut

0 494 125 560 glor
161 479 384 526 sententia
429 478 606 524 veritati
637 474 765 525 foret
809 484 1123 526 consentanea.
1193 476 1348 525 Multis
1386 485 1535 525 autem
1577 479 1796 541 premitur
1829 474 2239 544 difficultatibus,
2257 493 2368 541 quas
2405 493 2507 525 cum
2542 478 2696 541 primis

0 572 284 654 agnitionis
293 578 475 634 nostrae
511 571 740 633 principiis
773 571 952 618 minime
985 567 1229 618 conciliare
1264 571 1392 618 licet·
1427 573 1462 616 si
1498 573 1616 616 enim
1651 585 1830 633 corpus
1850 571 1905 617 ab
1940 571 2028 618 alio
2059 578 2305 619 attractum
2332 571 2498 619 moveri
2524 571 2696 634 incipit,

0 680 124 748 [abusa
157 672 310 723 motus
342 679 432 711 non
468 667 513 711 in
549 664 627 712 illo
661 663 755 712 sed
776 666 820 711 in
855 664 944 711 hoc
978 663 1124 712 altero
1161 671 1232 711 est
1262 644 1494 726 ponenda,
1530 663 1651 727 quod
1679 680 1782 711 cum
1810 665 1865 711 ab
1893 665 1969 711 illo
1993 666 2051 711 sit
2075 672 2318 722 remotum,
2356 663 2695 712 concedendum

0 769 63 842 w
91 756 193 837 fieri
229 754 381 824 posse,
435 768 488 841 ut
522 775 689 823 corpus
721 774 899 823 quaqua
934 773 1090 834 versus
1124 774 1149 806 a
1183 759 1320 806 nullis
1354 759 1475 806 aliis
1487 760 1751 823 corporibus
1787 761 2005 817 cinctum,
2041 759 2119 806 sed
2153 762 2280 835 quasi
2315 762 2360 807 in
2394 776 2536 808 vacuo
2572 762 2696 823 posi-

0 862 110 936 Μ,
135 861 301 928 ,sponte
336 854 504 900 moveri
538 854 744 916 incipiat,
782 853 966 927 etiamsi,
988 866 1209 917 nusquam
1244 845 1481 914 tangatur3
1534 867 1680 915 neque
1714 858 1869 898 tamen
1903 859 2053 899 motus
2088 867 2265 901 causam
2299 854 2343 899 in
2379 855 2497 915 ipso,
2536 852 2616 907 sed
2650 855 2694 899 in

0 948 80 1003 hlio
109 946 303 1011 quodam
336 961 526 1010 corpore
560 947 820 1008 longissime
854 945 910 992 ab
944 961 1000 993 eo
1033 952 1211 993 remoto
1246 961 1343 993 esse
1378 943 1704 1008 quaerendam,
1727 946 1920 1009 hocque
1953 943 2137 1008 perinde
2173 948 2349 993 evenire
2385 948 2475 992 sive
2502 949 2693 1014 spatium

0 1047 137 1124 ψει·
145 1056 336 1105 corpora
375 1043 458 1088 sit
455 1055 684 1104 vacuum,
736 1041 829 1088 sive
869 1014 1068 1104 plenum‘
1137 1039 1312 1104 Corpus
1347 1055 1479 1103 ergo,
1531 1047 1755 1103 quatenus
1787 1042 1832 1086 vi
1866 1038 2124 1088 attrahendi
2159 1046 2277 1086 esset
2311 1039 2587 1103 praeditum,
2638 1019 2694 1087 ad

0 1138 138 1240 fflia
179 1136 264 1183 alia
307 1150 494 1201 corpora
535 1141 776 1198 utrumque
815 1142 992 1182 remota
1025 1135 1150 1200 quasi
1184 1136 1305 1182 vires
1338 1136 1584 1215 emitteret,
1637 1135 1801 1199 quibus
1834 1135 1921 1181 alia
1956 1135 2082 1198 quasi
2117 1132 2521 1197 comprehenderet
2556 1142 2603 1180 et
2638 1133 2695 1181 ad

72 1206 327 1297 arriperet.
351 1230 492 1288 Quam
522 1230 750 1277 actionem
786 1230 831 1274 in
864 1228 1033 1276 distans
1066 1230 1141 1291 qui
1177 1243 1464 1292 concoquere
1497 1211 1590 1277 non
1623 1236 1832 1292 possunt,
1867 1244 1971 1307 cum
2007 1229 2132 1276 nullo
2167 1227 2302 1276 modo
2330 1230 2509 1291 concipi
2538 1235 2688 1292 queat,

71 1327 312 1402 materiam
348 1322 573 1393 quandam
608 1322 819 1371 subtilem
855 1319 1146 1386 confugiunt,
1181 1338 1294 1386 quae
1329 1324 1557 1395 pressione
1584 1324 1630 1370 in
1656 1337 1850 1386 corpora
1876 1304 2017 1387 agens
2044 1338 2095 1369 ea
2123 1321 2425 1385 phaenomena
2453 1320 2692 1405 producat,

86 1421 310 1497 priores
340 1419 622 1476 attractioni,
652 1399 880 1480 tanquam
915 1418 1143 1474 essentiali
1179 1419 1377 1466 omnium
1413 1433 1653 1482 corporum
1688 1419 1977 1483 proprietati,
2011 1416 2300 1476 adscribunt,
2345 1417 2515 1464 etiamsi
2550 1422 2596 1464 et
2630 1416 2694 1464 illi

0 1472 196 1587 pandum,
231 1529 322 1576 quo
356 1513 447 1561 hoc
479 1492 702 1571 efficitur,
715 1511 962 1590 explicare
996 1512 1119 1560 haud
1153 1513 1350 1560 valeant.

0 1617 108 1691 lm,
119 1625 211 1673 31.
251 1630 542 1685 Scholion
557 1634 612 1676 3.
659 1619 892 1683 Hactenus
926 1621 1084 1701 saltem
1120 1622 1254 1670 alium
1289 1620 1494 1685 modum,
1537 1637 1626 1685 quo
1662 1621 1755 1670 duo
1790 1636 1984 1687 corpora
2016 1622 2062 1669 in
2096 1636 2143 1668 se
2178 1622 2369 1669 invicem
2403 1627 2558 1683 agant,
2606 1635 2696 1668 non

0 1705 318 1784 *cipimuss
342 1716 428 1773 nisi
463 1714 643 1779 quando
676 1716 724 1763 in
757 1731 805 1762 se
840 1723 999 1780 mutuo
1033 1717 1251 1779 impetum
1285 1713 1459 1765 faciunt
1492 1723 1537 1764 et
1570 1716 1627 1763 ad
1660 1723 1923 1765 contactum
1960 1718 2254 1778 perveniunt;
2307 1731 2411 1763 cum
2445 1717 2564 1762 enim
2598 1723 2695 1763 tum

0 1793 232 1879 imumque
265 1811 311 1856 in
343 1816 464 1857 statu
497 1798 893 1871 suo-perseverare
917 1811 1169 1863 annitatur,
1205 1809 1294 1859 hoc
1322 1817 1475 1859 autem
1502 1805 1603 1857 fieri
1630 1817 1841 1873 nequeat,
1874 1811 1956 1856 nisi
1986 1825 2032 1856 se
2060 1817 2217 1875 mutuo
2246 1816 2501 1872 penetrent,
2538 1823 2695 1856 eorum

95 1902 388 1951 netrabilitas
421 1905 466 1951 in
499 1917 634 1951 causa
667 1910 737 1950 est
769 1905 1011 1987 quominus
1037 1903 1126 1950 hoc
1152 1905 1343 1951 eveniat.
1379 1904 1442 1951 Ex
1470 1886 1663 1967 eaiergo
1693 1911 1955 1961 nascantur,
1990 1919 2173 1950 necesse
2200 1911 2281 1963 est,
2317 1905 2434 1950 vires
2461 1904 2696 1965 utriusque
2764 1904 2768 1907 '

95 2018 144 2040 ιιι
197 1999 260 2044 ita
300 1999 608 2055 immutanteS,
661 2004 715 2044 ut
758 1999 1008 2065 penetratio
1049 1982 1261 2046 evitetur.
1331 1999 1610 2062 Experientia
1649 2000 1781 2045 etiam
1814 2005 2031 2055 testatur,
2085 1997 2173 2077 hoc
2208 2014 2318 2045 casu
2351 1997 2542 2062 majores
2578 1999 2696 2044 vires

11 2093 48 2130 Ὺ·
85 2071 200 2156 'nque
234 2107 328 2140 non
360 2093 501 2150 exeri,
552 2105 686 2155 quam
727 2107 842 2155 quae
878 2095 1236 2180 penetrationem
1269 2100 1472 2140 avertere
1509 2093 1702 2140 valeant.
1771 2092 1965 2140 Istarum
2001 2093 2143 2155 igitur
2177 2094 2360 2151 virium,
2401 2106 2591 2155 quarum
2626 2088 2695 2137 ef·-

82 2208 132 2228 =·:
176 2182 223 2234 in'
265 2183 481 2234 conflictu
521 2201 763 2248 corporum
807 2188 1053 2246 cernitur,
1079 2182 1210 2251 origo
1253 2189 1299 2235 in
1339 2202 1496 2236 eorum
1531 2187 1957 2252 impenetrabilitate
1991 2185 2226 2234 manifesto
2260 2193 2328 2233 est
2361 2188 2524 2249 posita,
2575 2185 2693 2233 unde

51 2285 55 2292 '
116 2271 126 2321 ἰ
150 2282 319 2328 'minus
351 2282 584 2343 percipere
619 2268 748 2339 licet,
802 2280 1033 2343 quomodo
1067 2280 1159 2330 duo
1193 2297 1388 2345 corpora
1420 2290 1591 2330 remota
1624 2264 1670 2330 in
1706 2298 1753 2329 se
1786 2282 1979 2328 invicem
2013 2295 2148 2343 agere
2183 2280 2382 2334 valeant3
2432 2295 2485 2327 ac
2522 2282 2559 2326 si
2595 2278 2698 2343 quis

81 2397 102 2414 ·ι
139 2373 142 2376 ’
210 2389 402 2438 corpora
448 2375 507 2422 ab
547 2376 648 2423 aliis
687 2377 972 2438 quantumvis
1012 2378 1199 2424 remotis
1237 2378 1333 2423 sine
1374 2375 1649 2424 adminiculo
1696 2375 1831 2422 medii
1878 2377 1997 2422 inter
2035 2390 2085 2422 ea
2120 2376 2349 2423 existentis
2387 2371 2511 2422 affici
2544 2389 2693 2438 posse,

112 2505 126 2519 ,ψ
169 2471 668 2532 ‚cognitionis-nostrae
710 2471 927 2533 principia
967 2467 1175 2519 funditus
1197 2472 1358 2522 <everti
1402 2470 1633 2528 videntur,
1684 2486 1829 2533 neque
1871 2477 2055 2532 apparet
2094 2485 2183 2532 quo
2219 2469 2323 2532 jure
2364 2475 2465 2517 tum*
2496 2467 2692 2517 siderum

6 2548 37 2621 ”,’
59 2584 94 2601 ⁶
117 2579 193 2614 us
217 2563 393 2628 aliaque
427 2566 763 2627 superstitionis·
792 2572 1048 2613 commenta
1073 2567 1239 2628 ,negari
1276 2573 1457 2628 queant.
1520 2566 1604 2623 Qui
1639 2564 1820 2628 quidem
1857 2581 1880 2612 a
1914 2564 2184 2612 Leibnizii
2220 2564 2459 2611 Harmonia
2495 2570 2696 2626 praesta-

7 2723 9 2738 1
59 2678 62 2695 v
104 2691 106 2697 ,
147 2657 416 2731 abhorrent,
450 2658 710 2710 concedere>
738 2667 967 2721 coguntur
1002 2646 1238 2722 spirituum
1273 2662 1439 2709 actioni
1475 2675 1666 2723 corpora
1699 2645 1811 2707 esse*
1832 2660 2057 2723 subjecta,
2093 2657 2218 2722 quod
2251 2660 2386 2705 etiam
2419 2657 2693 2704 Leibniziani

7 2745 15 2797 ἶ,
39 2750 268 2811 Unumine
306 2768 517 2816 supremo
555 2757 723 2816 negare
764 2769 856 2821 non
898 2754 1088 2808 audent;
1140 2756 1377 2818 spirituum
1420 2762 1568 2803 autem
1610 2756 1732 2802 actio
1768 2757 1814 2801 in
1855 2769 2043 2818 corpora
2077 2753 2133 2800 ab
2168 2754 2290 2800 omni
2324 2759 2537 2799 contactu
2572 2758 2693 2798 certe

87 2833 200 2894 nnis
237 2855 308 2914 est
349 2846 608 2905 statuenda,
660 2847 703 2895 id
745 2848 867 2910 quod
905 2850 1163 2897 attractioni
1198 2847 1349 2896 favere
1382 2849 1572 2897 videtur.
1640 2849 1810 2896 Verum
1846 2851 1882 2895 si
1916 2864 2106 2912 corpora
2140 2863 2164 2894 a
2201 2848 2361 2910 spiritu
2392 2848 2694 2902 concitantur,

8 2904 163 2987 wion
202 2931 460 3000 contactu8‚
510 2942 667 2991 saltem
710 2946 959 3006 praesentia
998 2942 1218 3006 quaedam
1263 2945 1440 3006 concipi
1482 2943 1639 3001 debet,
1691 2946 1751 3013 ita
1794 2950 1846 2990 ut
1889 2945 2025 2989 etiam
2066 2941 2172 2989 hinc
2212 2942 2332 2988 actio
2369 2955 2608 3003 corporum
2646 2942 2691 2986 in

0 3027 56 3112 7⁴³<
95 3024 164 3082 sus
213 3021 383 3084 nullum
437 3033 769 3084 firmamentum
812 3039 1016 3100 recipiat.
1052 3044 1054 3046 ’
1086 3039 1233 3095 Quare
1273 3040 1348 3101 qui
1390 3037 1548 3085 dicunt
1590 3037 1859 3100 corporibus
1897 3052 1921 3084 a
1958 3037 2053 3084 Deo
2088 3037 2178 3082 vim
2212 3035 2293 3095 alia
2330 3049 2517 3097 corpora
2551 3048 2692 3096 quan-

147 3164 154 3170 .
195 3128 345 3177 dissita
379 3123 637 3178 attrahendi
671 3132 809 3179 tribui
845 3133 1063 3194 potuisse,
1115 3132 1228 3179 nihil
1262 3131 1382 3180 aliud
1417 3131 1566 3180 dicere
1603 3132 1830 3189 videntur,
1883 3133 1966 3179 nisi
2002 3131 2144 3178 Deum
2185 3137 2400 3192 perpetuo
2427 3126 2690 3174 immediate

0 3206 30 3291 L·
96 3237 185 3271 ==ra
223 3224 280 3273 ad
319 3240 367 3273 se
406 3227 599 3273 invicem
639 3226 882 3288 impellere.
944 3225 1112 3275 Verum
1157 3228 1317 3275 omissa
1357 3226 1444 3275 hac
1492 3226 1818 3290 disputatione,
1869 3225 1927 3273 ad
1966 3225 2200 3286 Physicam
2240 3225 2395 3289 potius
2433 3238 2565 3285 quam
2599 3222 2691 3269 huc

5 3323 33 3360 ’κ
75 3324 270 3394 mente,
323 3334 424 3367 cum
468 3327 639 3368 certum
673 3321 732 3367 sit
764 3320 943 3383 singula
978 3323 1190 3368 materiae
1231 3322 1450 3369 elementa
1486 3321 1672 3384 perinde
1705 3320 1763 3368 ad
1795 3337 1843 3376 se
1877 3328 2035 3368 mutuo
2069 3319 2257 3382 impelli,
2311 3333 2362 3364 ac
2398 3319 2434 3364 si
2467 3332 2513 3364 se
2548 3323 2690 3363 attra-

24 3435 26 3443 ι
32 3416 173 3476 ,ι-ι,
216 3411 445 3462 videamus
478 3414 632 3479 quales
666 3413 769 3462 inde
806 3416 922 3462 vires
955 3429 1034 3478 pro
1070 3416 1333 3479 corporibus
1369 3411 1521 3464 finitae
1554 3414 1877 3478 magnitudinis
1912 3421 2169 3462 nascantur.

0 3479 21 3573 ll

0 3546 205 3702 Vultum.
271 3558 620 3604 'theon-ema.
686 3551 861 3615 Corpus
901 3550 1097 3615 rigidum
1138 3568 1163 3600 a
1205 3553 1400 3611 viribuS,
1455 3554 1619 3616 quibus
1661 3551 1837 3615 singula
1880 3552 1980 3616 ejus
2017 3551 2237 3598 elementa
2273 3563 2318 3594 se
2354 3553 2512 3592 mutuo
2546 3550 2687 3590 attra-

12 3705 16 3739 ἱ
62 3654 110 3690 ιη
273 3641 410 3701 bunt,
445 3643 503 3692 ad
538 3653 708 3694 motum
741 3647 1004 3709 neutiquam
1038 3644 1325 3696 sollicitatur.

13 3753 575 3844 flffllDemomtratlo.
640 3767 820 3816 Veritas
859 3768 998 3833 hujus
1036 3769 1333 3818 theorematis
1375 3771 1460 3818 isto
1496 3771 1655 3816 nititur
1685 3767 2003 3825 fundamento,
2056 3766 2177 3830 quod
2210 3767 2345 3821 vires,
2398 3761 2561 3825 quibus
2595 3759 2685 3807 duo

8 3847 210 3979 μὴ
250 3872 296 3905 se
333 3868 487 3908 mutuo
521 3861 773 3921 attrahunt,
825 3865 1035 3926 utrinque
1079 3866 1167 3913 sint
1202 3864 1420 3927 aequales.
1490 3863 1536 3911 Si
1572 3866 1688 3912 enim
1733 3863 1824 3911 duo
1859 3863 2169 3924 concipiantur
2204 3859 2442 3911 elementa,
2495 3869 2684 3917 quorum
