2950 4276
56 187 89 218 m
674 141 761 209 xDe
798 156 1174 227 amplificatione
1211 158 1379 229 campi
1411 159 1698 230 apparentis
1733 160 1811 212 in
1810 164 2108 234 telescopz‘z's.
2642 165 2736 217 751

28 315 157 371 quas
196 301 252 349 ad
292 308 467 348 tantum
511 299 794 346 intervallum
835 315 860 346 3
901 314 948 345 se
991 300 1184 346 invicem
1230 299 1406 361 disponi
1447 308 1648 362 oportet,
1690 301 1834 348 donec
1874 301 2081 352 confusio
2122 315 2377 364 evanescat,
2422 315 2469 354 et
2509 313 2609 371 quia
2654 312 2741 358 hoc

36 395 335 458 ,mtervallum
370 395 537 457 optime
572 409 653 456 per
685 394 1002 456 experientiam
1035 389 1272 450 definitur,
1310 408 1400 441 non
1435 409 1549 457 opus
1582 402 1674 452 est,
1711 403 1763 443 ut
1795 395 1852 443 de
1880 411 1986 445 vero
2014 399 2161 446 valore
2190 401 2362 448 litterae
2390 402 2507 449 illius
2534 405 2584 450 M
2611 406 2742 450 nimis

46 491 181 581 'nnis
215 488 412 537 solliciti.
446 555 450 557 μ

609 633 808 681 Evolutio
843 632 1070 701 telescopii
1099 631 1270 693 obJecta
1303 634 1593 694 quinqaayies
1626 641 1754 678 aucta
1787 641 2173 696 repraesentantis.

49 652 88 734 te
612 726 618 732 .

56 746 90 825 3⁹
184 761 264 808 30.
324 755 440 804 Cum
481 757 557 804 hic
597 757 654 803 sit
692 771 816 801 m=
841 757 922 813 50,
975 770 1057 817 pro
1099 755 1222 802 lente
1269 754 1493 817 objectiva
1545 753 1924 806 semidiametrum
1965 767 2198 819 aperturae
2249 762 2304 809 ad
2359 766 2589 811 minimum
2643 781 2739 812 esse

59 835 82 861 Φ

353 838 414 874 3ηι

38 870 226 940 ι,;ὶ..οηα
264 882 421 940 τῇ
467 877 547 908 seu
579 861 612 926 ἐξ
639 859 757 922 dig„
794 862 1005 922 quoniam
1031 874 1143 906 vero
1176 858 1377 921 pluribus
1412 858 1607 905 lentibus
1640 860 1706 904 uti
1734 858 1960 918 volumuS,
1995 878 2050 907 ne
2088 863 2190 910 inde
2227 866 2478 914 obscuritas
2514 878 2738 925 nascatur,

57 969 282 1016 »nveniet
331 973 566 1029 aperturae
608 963 1002 1012 semidiametrum
1040 965 1154 1011 sumi
1194 964 1327 1009 unius
1378 962 1524 1025 digiti.
1595 962 1728 1019 Quod
1779 971 1930 1011 autem
1972 965 2028 1012 ad
2071 966 2323 1016 distantiam
2365 968 2555 1017 focalem
2608 973 2741 1018 lentis

52 1075 288 1140 jectivae
322 1076 505 1132 attinet,
549 1075 583 1120 si
620 1089 671 1120 ea
704 1070 840 1120 fuerit
873 1073 1077 1135 simplex,
1120 1070 1374 1135 cujusmodi
1411 1072 1550 1133 vulgo
1592 1073 1638 1118 in
1679 1087 1809 1119 usum
1851 1073 2054 1121 adhiberi
2098 1077 2269 1133 solent,
2322 1078 2526 1125 distantia
2569 1077 2738 1136 focalis,

39 925 66 998 1

40 1165 79 1202 1
70 1199 173 1230 am
213 1182 290 1230 hic
329 1183 475 1230 littera
517 1199 548 1227 α
583 1182 653 1228 vel
689 1198 723 1244 p
763 1180 913 1227 indico
952 1182 1021 1226 vix
1062 1178 1177 1227 infra
1219 1183 1275 1227 10
1311 1179 1446 1242 pedes
1487 1181 1628 1242 accipi
1670 1188 1844 1242 posset,
1889 1182 2006 1228 unde
2047 1184 2103 1229 ob
2147 1187 2369 1233 00:120
2406 1185 2498 1248 dig.
2542 1186 2739 1248 prodiret

41 1229 75 1331 1.
98 1289 173 1334 tis
204 1287 398 1335 ocularis
431 1285 639 1334 distantia
674 1283 836 1332 focalis
869 1260 1255 1363 k=¹—5²09=2,1÷
1293 1283 1388 1346 dig.
1457 1283 1535 1330 Sin
1569 1292 1720 1330 autem
1766 1285 1887 1332 lente
1922 1286 2144 1350 objectiva
2179 1287 2404 1364 duplicata
2441 1292 2503 1336 uti
2541 1291 2738 1347 velimus,

43 1365 90 1509 1

44 1550 48 1622 1

113 1391 219 1438 lem
252 1390 391 1439 modo
426 1388 665 1452 descripsi,
706 1389 803 1453 ejus
837 1388 1093 1436 distantiam
1128 1387 1319 1436 focalem
1349 1405 1382 1451 p
1417 1387 1709 1436 vehementer
1746 1390 2007 1437 imminuere
2043 1390 2223 1446 liceret,
2267 1409 2412 1454 neque
2454 1402 2600 1440 tamen
2642 1410 2736 1441 eam

0 1552 3 1554 ,
89 1501 228 1546 terius
261 1502 465 1547 minuere
506 1497 764 1546 consultum
799 1497 1004 1556 videtur,
1046 1513 1177 1561 quam
1220 1504 1271 1544 ut
1304 1497 1335 1544 k
1370 1493 1492 1544 fierit
1535 1496 1550 1525 ¹
1596 1497 1690 1559 dig.
1724 1513 1777 1545 ac
1814 1498 1998 1560 proinde
2029 1516 2141 1562 p=
2162 1502 2222 1548 95
2261 1501 2370 1563 dig„
2405 1505 2503 1563 quia
2541 1505 2738 1565 alioquin

139 1610 244 1655 ntia
278 1609 398 1656 oculi
431 1608 488 1655 ab
521 1608 676 1656 ultima
709 1608 829 1655 lente
862 1610 994 1655 nimis
1028 1604 1160 1655 fieret
1193 1609 1368 1669 exigua.
1438 1588 1653 1669 Expediet
1694 1604 1887 1655 fortasse
1929 1611 2009 1671 ipsi
2044 1626 2077 1671 p
2114 1610 2309 1656 valorem
2354 1610 2491 1673 duplo
2528 1613 2737 1674 majorem

45 1683 78 1754 1
84 1715 200 1772 'hui,
235 1731 327 1779 quo
361 1717 394 1763 k
425 1712 507 1763 flat
540 1717 704 1779 integri
739 1715 893 1778 digiti,
928 1723 1067 1778 atque
1101 1713 1307 1763 confusio
1341 1715 1485 1761 multo
1521 1717 1667 1762 minus
1705 1717 1763 1762 sit
1796 1717 2047 1764 metuenda.

47 1838 51 1892 1

48 1788 80 1883 i

179 1838 258 1885 31.
326 1838 426 1895 Quo
459 1845 609 1885 autem
640 1840 922 1885 constructio
956 1837 1216 1902 hujiismodi
1257 1839 1388 1884 lentis
1424 1838 1675 1900 objectivae
1718 1837 1968 1900 duplicatae
2003 1837 2177 1887 facilius
2211 1841 2447 1897 succedat,
2483 1843 2736 1904 quicunque

79 1927 166 1980 lor
197 1932 371 1979 litterae
399 1948 432 1994 p
466 1931 707 1987 tribuatur,
743 1934 1038 1994 quantitatem
1073 1933 1248 1978 litterae
1279 1929 1352 1989 M,
1390 1948 1476 1994 qua
1506 1934 1655 1994 portio
1683 1930 1964 1980 confusionis
1991 1949 2014 1980 a
2043 1934 2234 1981 lentibus
2268 1935 2523 1981 ocularibus
2549 1933 2737 1981 oriunda

49 2027 72 2084 1
98 2018 305 2080 notatur,
339 2026 466 2089 justo
502 2019 713 2089 majorem
749 2028 892 2088 accipi
927 2028 1186 2083 conveniet,
1229 2028 1312 2073 etsi
1355 2028 1470 2072 enim
1513 2024 1658 2073 forma
1692 2027 1831 2073 lentis
1865 2029 2129 2089 posterioris
2162 2043 2386 2075 concavae
2422 2029 2523 2075 inde
2562 2027 2737 2090 pendet,

55 1976 86 2024 i

50 2075 92 2139 i

51 2171 89 2227 l

52 2263 110 2344 ’ξ

143 2134 187 2167 ·ιι
220 2109 548 2168 recordandum
588 2127 682 2174 est,
724 2120 822 2183 eJus
866 2119 1121 2167 distantiam
1162 2135 1187 2166 a
1232 2121 1367 2182 priori
1410 2136 1607 2168 convexa
1648 2136 1729 2183 per
1762 2123 2075 2183 experientiam
2110 2118 2288 2168 defin-iri
2323 2123 2506 2175 debere,
2544 2137 2633 2183 quo
2671 2117 2737 2176 fit,

52 2235 53 2241 ¹
108 2216 183 2279 ⁴si
195 2195 319 2261 valor
352 2215 490 2275 ipsius
524 2214 575 2259 M
603 2215 735 2261 nimis
769 2228 962 2276 magnus
997 2212 1130 2261 fuerit
1163 2222 1413 2272 assumtus,
1449 2215 1705 2260 distantiam
1741 2215 1928 2262 lentium
1951 2215 2288 2277 aliquantillum
2324 2219 2478 2278 augeri
2513 2223 2736 2277 oportere,

102 2301 146 2356 ιιι
179 2315 337 2357 contra
370 2309 510 2354 minui
543 2307 748 2365 deberet,
790 2323 843 2354 ac
877 2306 1070 2356 fortasse
1111 2309 1212 2370 plus
1245 2324 1377 2370 quam
1413 2309 1598 2356 lentium
1634 2311 1856 2355 crassities
1891 2312 2183 2371 permitteret.
2256 2310 2379 2356 Hanc
2421 2310 2477 2355 ob
2519 2311 2739 2355 rationem

0 2329 1 2357 1

0 2428 5 2474 1
53 2412 111 2539 1*
141 2433 190 2455 ιιι.
243 2413 372 2458 Μ
307 2387 470 2488 -ὲο,
526 2402 772 2475 nostroque
821 2427 929 2459 casu
977 2414 1103 2459 M=
1127 2411 1176 2476 ἐ,
1229 2415 1380 2475 sicque
1431 2428 1513 2475 pro
1557 2413 1768 2459 distantia
1811 2411 1943 2461 secali
1988 2430 2095 2476 ΞΡ
2137 2421 2184 2459 et,
2235 2416 2407 2461 ratione
2456 2410 2736 2459 refractionis

0 2511 5 2556 ι
53 2504 56 2535 1

54 2582 57 2596 Ι
92 2521 184 2568 ht
208 2523 227 2566 1
266 2518 548 2565 constructio
583 2518 842 2579 utriusque
853 2516 986 2563 lentis
1019 2519 1080 2564 ita
1113 2532 1160 2563 se
1196 2516 1405 2564 habebit:

749 2652 791 2698 ,x
874 2687 883 2698 ,
943 2689 952 2698 ,
1098 2688 1108 2698 ,
1277 2689 1286 2699 ‚
1321 2690 1330 2700 ‚
1504 2643 1741 2688 anterioris
1801 2662 1864 2682 =
1886 2643 2147 2703 0‚511⁸67p,

626 2686 784 2732 Lentis
816 2701 978 2748 prioris
1014 2686 1166 2733 radius
1200 2684 1331 2734 faciei
1366 2723 1375 2733 .
1416 2723 1426 2732 .
1467 2642 1487 2786 {

1505 2735 1761 2796 posterioris
1800 2755 1864 2775 =
1885 2736 2149 2796 1i‚05851p,

56 2805 84 2830 ι

0 2739 157 2935 1111
629 2902 785 2960 Lentis
819 2904 1080 2965 posterioris
1112 2902 1265 2949 radius
1300 2900 1428 2948 faciei
1453 2859 1741 3008 {ammons
1798 2876 1861 2896 Ξ
1884 2883 1939 2890 ““
1963 2857 2230 2917 0’593Ζ“’οΡ’

2 2934 121 3048 §³
1504 2950 1767 3010 posterioris
1801 2964 1945 2993 =÷=
1964 2950 1993 2996 Ο
1997 2949 2226 3010 ,7ῐι127μ

181 3073 258 3122 32.
326 3047 742 3153 Quomodocunque
782 3080 933 3146 autem
975 3073 1071 3119 lens
1113 3072 1338 3136 objectiva
1380 3069 1515 3118 fuerit
1555 3073 1821 3128 constituta,
1872 3087 1923 3117 ex
1963 3071 2062 3134 ejus
2105 3070 2314 3118 distantia
2358 3069 2492 3119 focali
2536 3089 2564 3115 α
2600 3070 2668 3116 vel
2706 3089 2736 3133 ρ

2187 3162 2211 3183 α

61 3184 81 3210 1
98 3156 272 3224 nitur
297 3158 428 3223 lentis
469 3175 716 3236 ocularis,
739 3176 957 3240 siquidem
1001 3177 1183 3239 simplex
1226 3175 1537 3230 adhiberetur,
1589 3176 1796 3223 distantia
1841 3173 2000 3223 focalis
2049 3175 2251 3252 '⁶²5’
2303 3175 2476 3238 hacque
2528 3177 2736 3236 utrinque

137 3281 285 3328 aliter
318 3278 438 3328 facta
472 3295 692 3338 convexa,
724 3289 777 3333 ut
810 3288 1067 3344 aperturam
1103 3282 1270 3342 capiat,
1304 3281 1437 3343 cujus
1471 3279 1687 3327 diameter
1721 3276 1891 3344 τ-ῌε,
1927 3295 2112 3342 campus
2138 3280 2395 3341 detegetur,
2433 3277 2566 3341 cujus
2602 3280 2737 3324 semi-

2285 3359 2302 3395 1
2494 3358 2592 3394 3437

143 3393 258 3433 ter
282 3388 429 3433 sit=
623 3389 626 3393 '
662 3410 677 3431 ι
710 3400 762 3432 ac
787 3393 1027 3448 propterea
1055 3383 1114 3432 ob
1141 3400 1253 3430 m=
1265 3387 1324 3432 50
1351 3387 1446 3446 ipse
1475 3383 1694 3431 diameter
1719 3386 1861 3446 campi
1889 3386 2144 3446 apparentis
2170 3405 2232 3426 ---
2252 3411 2335 3417 ———
2379 3399 2459 3430 seu
2497 3412 2514 3415 -
2630 3384 2734 3427 min.

446 3360 646 3471 ‘fimi-od)
2251 3424 2331 3461 25¹
2509 3423 2579 3460 102

104 3488 246 3553 33}
271 3491 395 3543 min„
430 3504 573 3552 neque
609 3489 726 3537 haec
755 3489 1108 3551 repraesentatio
1141 3503 1163 3534 a
1200 3490 1409 3549 contagio
1445 3488 1648 3535 colorum
1685 3502 1870 3549 prorsus
1903 3489 1986 3534 erit
2021 3490 2242 3534 immunis.
2302 3486 2469 3542 Quodsi
2499 3501 2602 3532 vero
2638 3487 2737 3531 len-

112 3585 153 3623 “ι;
198 3581 455 3629 ocularibus
497 3582 806 3645 multiplicatis
850 3596 982 3644 supra
1023 3581 1257 3662 descriptis
1299 3587 1498 3635 utamur,
1552 3596 1641 3628 non
1683 3580 1831 3628 solum
1872 3580 1917 3627 hi
1955 3582 2053 3642 vagi
2095 3581 2269 3652 colores
2310 3587 2601 3635 evanescent,
2620 3579 2735 3625 sed

131 3767 336 3831 quidem
375 3769 670 3827 monendum,
716 3784 872 3817 omnes
905 3769 987 3816 has
1026 3768 1167 3815 lentes
1202 3770 1409 3831 utrinque
1445 3769 1690 3831 aequaliter
1723 3781 1944 3815 convexas
1977 3762 2076 3815 fieri
2112 3759 2156 3813 et
2188 3767 2424 3828 unicuique
2459 3772 2733 3828 aperturam,

0 3036 126 3339 f!

5 3396 133 3575 1

8 3666 104 3913 ς
110 3671 173 3722 m
207 3673 424 3722 diameter
457 3677 600 3739 campi
635 3678 681 3722 in
716 3675 872 3723 eadem
907 3676 1078 3722 ratione
1111 3674 1373 3736 augebitur,
1410 3674 1609 3737 singulas
1643 3677 1782 3737 igitur
1816 3675 1948 3721 lentis
1983 3647 2176 3720 ocularis
2204 3674 2375 3735 species
2402 3686 2732 3734 percurramus,

117 3875 170 3908 us
201 3861 417 3909 diameter
450 3865 620 3911 semissi
654 3865 794 3927 ipsius
830 3862 1068 3910 distantiae
1103 3859 1261 3909 focalis
1294 3870 1532 3924 aequetur,
1569 3862 1700 3909 tribui
1736 3859 1913 3908 debere.

21 4111 117 4276 ig·
