2950 4276
698 208 773 260 De
812 215 938 260 motu
977 224 1233 278 corporum
1272 207 1403 259 circa
1436 215 1660 278 ptmclum-
1695 206 1846 278 fixum
1884 208 2136 260 mobilium.
2705 210 2772 261 45

76 354 205 404 Unde
255 356 293 402 si
343 355 426 401 tria
467 359 633 416 puncta
672 368 765 401 non
808 355 854 400 in
894 353 1119 401 directum
1160 355 1242 401 sita
1285 356 1330 400 in
1373 355 1522 416 quiete
1562 356 1869 410 retineantur,
1917 370 2084 417 corpus
2124 354 2291 401 nullius
2331 353 2461 416 plane
2504 360 2654 399 motus
2687 355 2771 398 erit

75 463 234 512 capax,
277 447 359 495 sed
390 454 539 494 totum
573 449 807 494 immotum
838 447 1050 494 manebit.

206 545 251 590 8.
289 537 400 589 Cum
435 542 576 603 igitur
608 541 753 589 tribus
788 543 968 604 punctis
1003 542 1047 586 in
1082 542 1232 602 quiete
1267 539 1516 587 retinendis
1552 542 1695 587 omnis
1731 542 1954 588 mobilitas
1988 542 2437 604 corporistollatur‚
2473 541 2771 602 intelligimus

73 645 165 684 tres
217 636 313 683 dari
358 638 404 682 in
446 637 607 698 quovis
652 650 837 698 corpore
876 635 1138 682 mobilitatis
1181 632 1364 695 gradus.
1433 635 1609 680 Primus
1649 635 1824 681 scilicet
1864 643 1912 681 et
1952 632 2132 683 infimus
2173 637 2433 687 mobilitatis
2477 634 2646 697 gradus
2687 641 2770 689 est,

74 745 179 779 cum
219 729 310 777 duo
349 737 517 793 puncta
557 730 708 792 quieta
747 736 1009 785 servantur,
1063 743 1152 790 quo
1197 743 1304 774 casu
1341 742 1506 789 corpus
1542 729 1661 774 circa
1695 727 1858 774 lineam
1892 736 2061 775 rectam
2097 746 2176 791 per
2209 730 2299 777 duo
2334 732 2408 777 illa
2444 737 2610 792 puncta
2646 736 2774 775 tran-—

74 832 279 872 seuntem
319 823 571 886 gyrabitur,
625 821 743 870 unde
790 822 864 869 illa
912 822 1028 868 linea
1068 828 1191 868 recta
1231 824 1322 868 axis
1363 823 1608 883 gyrationis
1650 829 1852 869 vocatur.
1923 823 2112 869 Ratione
2156 822 2417 870 directionis
2458 840 2566 886 ergo
2608 823 2770 884 duplex·

39 894 52 921 Χ
73 926 248 966 tantum
281 924 433 966 motus
464 917 615 964 locum
648 915 814 962 habere
849 923 1021 978 potest,
1058 897 1220 978 prouti
1249 917 1422 979 gyratio
1459 916 1530 962 vel
1563 917 1608 962 in
1640 915 1780 972 hanc,
1816 916 1888 962 vel
1915 918 1960 961 in
1988 919 2257 964 contrariam
2283 918 2461 980 plagam
2487 915 2563 973 fit3
2598 920 2769 964 ratione

75 1007 320 1060 celeritatis
360 1017 512 1058 autem
554 1005 730 1056 infinita
771 1011 964 1056 varietas
1003 1012 1048 1056 in
1091 1013 1509 1072 corporistmotum
1551 1008 1694 1064 cadit3
1746 1013 1904 1072 quovis
1945 1018 2095 1057 tamen
2131 1020 2359 1063 momento
2393 1028 2444 1058 ex
2479 1019 2606 1058 motu
2637 1014 2770 1059 unius

17 1099 21 1170 j
73 1107 228 1169 puncti
273 1105 407 1151 simul
447 1104 586 1150 totius
627 1105 833 1165 corporis
871 1110 1022 1150 motus
1054 1105 1319 1160 innotescit,
1373 1103 1483 1150 dum
1518 1104 1728 1151 celeritas
1761 1105 1926 1167 ubique
1960 1107 2181 1152 rationem
2217 1105 2452 1152 distantiae
2487 1106 2542 1152 ab
2576 1120 2652 1151 axe
2689 1119 2772 1166 gy-

18 1236 19 1250 2
71 1200 259 1247 rationis
293 1200 510 1261 sequitur.

18 1358 19 1362 Ἰ
199 1295 250 1341 9.
287 1292 524 1340 Secundus
555 1308 694 1356 porro
729 1292 989 1340 mobilitatis
1021 1290 1193 1354 gradus
1229 1293 1398 1350 existit,
1434 1307 1539 1339 cum
1573 1307 1663 1340 non
1699 1291 1792 1340 duo
1828 1294 2028 1354 corporis
2056 1300 2246 1355 puncta,
2283 1291 2368 1340 sed'
2389 1295 2568 1341 unicum
2595 1300 2772 1339 tantum

17 1375 19 1381 X
74 1389 119 1434 in
153 1388 306 1450 quiete
341 1383 478 1434 fixum
511 1388 754 1444 retinetur,
808 1388 963 1448 sicque
1000 1388 1181 1448 corpori
1217 1387 1359 1434 multo
1394 1387 1541 1450 major
1576 1386 1785 1434 movendi
1820 1387 2006 1455 libertas
2038 1388 2324 1450 relinquitur.
2393 1388 2494 1435 Jam
2529 1390 2646 1434 enim
2683 1402 2772 1434 non

16 1496 18 1499 ’
72 1481 221 1544 solum·
259 1483 380 1528 circa
422 1489 592 1527 rectam
633 1497 946 1544 quamcunque
986 1496 1069 1543 per
1104 1479 1225 1527 istud
1260 1488 1479 1542 punctum
1512 1488 1840 1538 transeuntem,
1899 1481 1980 1528 sed
2014 1485 2188 1544 gyratio
2223 1485 2475 1529 successive
2512 1485 2632 1529 circa
2666 1481 2774 1527 alias

16 1587 17 1600 ¹
72 1573 208 1639 atque
242 1576 351 1623 alias
383 1575 642 1639 hujusmodi
677 1582 824 1622 rectas
858 1571 958 1622 fieri
993 1582 1166 1637 potest,
1204 1576 1263 1621 ita
1298 1581 1452 1621 tamen
1486 1583 1537 1622 ut
1569 1583 1786 1638 perpetuo
1822 1584 2043 1638 punctum
2069 1575 2201 1634 illud,
2238 1576 2362 1639 quod
2389 1584 2596 1624 centrum
2624 1583 2774 1623 motus

15 1697 17 1727 3
73 1671 236 1717 merito
286 1677 497 1728 vocatur,
551 1659 786 1717 immotum
834 1676 1028 1717 maneat.
1098 1670 1195 1717 Hoc
1236 1684 1346 1732 ergo
1387 1660 1494 1717 casu
1534 1666 1750 1719 infinities
1792 1671 1933 1734 major
1972 1678 2123 1718 motus
2164 1671 2475 1734 multiplicitas
2516 1673 2562 1718 in
2603 1685 2770 1734 corpus

69 1762 214 1821 cadit,
249 1778 382 1827 quam
418 1763 732 1826 praecedente.
2119 1763 2121 1766 ’

14 1918 15 1923 ¹
207 1860 282 1906 10.
322 1857 508 1905 Tertius
541 1858 733 1921 denique
767 1873 821 1904 ac
857 1872 1058 1904 summus
1092 1857 1353 1905 mobilitatis
1387 1857 1555 1920 gradus
1589 1860 1768 1920 corpori
1803 1861 1889 1905 erit
1921 1858 2212 1918 tribuendus,
2247 1859 2428 1922 quando
2462 1875 2518 1906 ne
2551 1866 2770 1921 punctum

14 2007 15 2010 Ἴ
71 1951 252 2016 quidem
291 1953 494 2022 corporis
531 1954 766 1999 immotum
805 1955 1048 2011 retinetur,
1100 1930 1242 2025 atque
1277 1951 1391 2000 adeo
1432 1954 1635 2014 corporis
1676 1952 1902 2000 mobilitas
1944 1954 2071 2001 nullo
2113 1953 2243 2016 plane
2284 1954 2421 2002 modo
2464 1955 2768 2015 restringitur,

71 2064 163 2112 quo
203 2062 312 2095 casu
350 2061 515 2109 corpus
555 2047 782 2093 liberrime
823 2048 988 2094 mobile
1031 2047 1214 2094 dicitur.
1283 2047 1547 2111 Cujusmodi
1580 2054 1732 2094 motus
1766 2049 2077 2110 investigatio,
2119 2051 2293 2095 etiamsi
2327 2049 2386 2095 ob
2419 2064 2635 2095 summam
2668 2064 2772 2094 mu-

12 2120 14 2163 Ῐ
70 2142 339 2190 tabilitatem
372 2137 643 2188 difficillima
675 2141 904 2199 videatur,
945 2148 1099 2188 tamen
1133 2141 1188 2188 ad
1224 2133 1413 2203 gradum
1446 2140 1694 2188 secundum
1729 2139 1858 2188 facile
1891 2149 2152 2199 revocatur,
2189 2151 2424 2205 propterea
2457 2142 2581 2206 quod
2614 2145 2773 2204 quovis

73 2243 301 2284 momento
342 2235 563 2299 ejusmodi
603 2243 775 2282 motum
817 2238 960 2298 spatio
1001 2236 1211 2282 absoluto
1253 2237 1398 2282 inesse
1441 2223 1679 2297 concipere
1721 2236 1848 2292 licet,
1898 2251 1989 2298 quo
2031 2240 2415 2310 unumxeorporis
2455 2245 2676 2299 punctum
2711 2236 2768 2283 ad

12 2367 13 2381 a
69 2332 266 2394 quietem
302 2329 548 2392 redigatur.
601 2328 716 2385 Quin
751 2314 885 2376 etiam
919 2336 1200 2391 compertum
1234 2336 1318 2386 est,
1352 2343 1531 2374 omnem
1565 2328 1701 2392 hujus
1735 2330 1913 2390 generis
1947 2336 2118 2376 motum
2156 2331 2318 2376 resolvi
2354 2346 2483 2392 posse
2518 2332 2564 2376 in
2596 2337 2767 2377 motum

11 2411 13 2418 ¹
71 2428 214 2474 centri
258 2425 512 2488 gravitatis,
563 2430 610 2470 et
649 2430 842 2482 motum,
894 2439 983 2486 quo
1023 2426 1171 2486 ipsum
1211 2438 1376 2485 corpus
1411 2424 1776 2470 circa'centrum
1810 2425 2067 2485 gravitatis,
2120 2426 2249 2486 quasi
2284 2426 2329 2470 in
2367 2426 2515 2487 quiete
2553 2432 2765 2481 maneret,

57 2521 282 2583 =agitatur.
1874 2505 1879 2507 ’
1977 2586 1979 2588 ³

10 2595 11 2683 ᾖ
207 2616 284 2661 11.
334 2612 444 2660 Cum
478 2613 622 2675 igitur
654 2618 806 2659 motus
840 2612 968 2673 primi
1003 2613 1183 2673 generis
1216 2627 1300 2674 pro
1334 2611 1542 2658 omnibus
1577 2610 1842 2673 corporibus
1875 2609 2054 2672 rigidis,
2108 2612 2255 2674 qualia
2289 2611 2363 2659 hic
2398 2611 2766 2674 contemplamur,

9 2715 11 2719 ’
65 2706 170 2770 Jamv
201 2708 263 2753 ita
303 2707 362 2753 sit
395 2708 712 2768 investigatuS,
765 2711 817 2752 ut
851 2705 963 2752 nihil
996 2705 1184 2767 amplius
1219 2704 1466 2752 desiderari
1503 2711 1659 2768 queat,
1711 2712 1846 2768 atque
1881 2711 2034 2751 motus
2068 2689 2199 2751 tertii*
2221 2691 2398 2768 generis
2432 2706 2487 2752 ad
2521 2706 2768 2753 secundum

72 2799 266 2856 feliciter
296 2803 354 2847 sit
388 2799 656 2862 perductus:
705 2801 848 2846 omnis
882 2801 1110 2862 quaestio,
1163 2815 1278 2862 quae
1318 2799 1468 2846 adhuc
1509 2801 1556 2846 in
1590 2798 1765 2846 theoria
1799 2805 1951 2845 motus
1985 2814 2222 2861 corporum
2259 2799 2505 2847 solidorum
2542 2816 2622 2846 seu
2656 2803 2768 2862 rigi-

73 2895 236 2944 dorum
267 2894 502 2942 enodanda
535 2901 692 2952 restat,
727 2901 938 2941 versatur
968 2895 1016 2940 in
1049 2901 1178 2940 motu
1212 2892 1399 2940 secundi
1435 2895 1632 2956 generis,
1669 2908 1759 2955 quo
1794 2907 1981 2955 corpora
2017 2895 2135 2940 circa
2162 2900 2380 2956 punctum
2407 2895 2532 2956 quasi
2561 2901 2765 2940 centrum

74 2985 214 3037 fixum
245 2989 426 3037 mobilia
456 2995 726 3036 statuantur.
779 2986 1052 3050 Hujusmodi
1087 2995 1237 3034 motus
1263 2989 1472 3045 cernitur,
1510 2986 1688 3050 quando
1715 3001 1880 3049 corpus
1906 2986 2082 3049 cuspidi
2109 2983 2222 3034 fixae
2247 2989 2510 3050 impositum
2535 2994 2766 3049 utcunque

74 3086 291 3147 agitatur,
327 3086 392 3131 ita
423 3089 601 3140 tamen,
634 3089 686 3130 ut
719 3096 895 3144 semper
927 3079 1047 3128 idem
1080 3083 1286 3143 corporis
1318 3088 1536 3143 punctum
1579 3080 1756 3143 cuspidi
1791 3081 2041 3138 incumbat,
2087 3080 2467 3143 quemadmodum
2500 3096 2608 3128 acus
2644 3096 2772 3143 mag-

46 3155 248 3227 ⁴naticae
279 3179 359 3226 tali
390 3177 568 3240 cuspidi
602 3178 772 3240 imponi
806 3175 968 3224 solent.
1020 3174 1153 3232 Quod
1179 3177 1216 3222 si
1244 3175 1348 3222 loco
1374 3190 1499 3232 acus,
1536 3176 1679 3232 orbis,
1715 3190 1796 3221 seu
1820 3173 1992 3231 discus,
2029 3175 2100 3221 vel
2127 3189 2292 3236 corpus
2318 3175 2432 3223 alius
2458 3175 2766 3238 cujuscunque

74 3268 249 3335 figurae
289 3271 465 3335 cuspidi
504 3274 780 3334 imponatur,
830 3269 1072 3317 habebitur
1105 3271 1151 3316 in
1185 3269 1276 3316 hoc
1311 3276 1458 3316 motus
1492 3283 1658 3330 genere
1692 3282 1822 3316 casus
1855 3275 2034 3331 patens,
2068 3262 2162 3330 vqui
2198 3268 2255 3315 ad
2290 3283 2504 3316 summam
2540 3271 2768 3316 universa-

0 3376 2 3427 ζ
76 3367 244 3415 litatem
275 3366 514 3429 evelletur,
550 3364 734 3429 quando
770 3366 953 3427 insuper
986 3365 1103 3411 vires
1135 3378 1445 3426 quascunque,
1481 3363 1642 3426 quibus
1675 3363 1766 3410 tale
1800 3378 1964 3425 corpus
1997 3370 2237 3425 urgeatur,
2275 3363 2627 3411 introducemus.

208 3463 284 3508 12.
336 3460 586 3508 Mirabilem
625 3475 758 3506 usum
793 3457 1059 3522 hujusmodi
1101 3465 1253 3505 motus
1292 3457 1439 3505 Celeb.
1475 3457 1799 3520 Bouguerus
1839 3459 1884 3504 in
1926 3459 2084 3503 eximio
2127 3456 2348 3504 Tractatu
2386 3457 2442 3503 de
2483 3459 2763 3518 navigatione

0 3612 1 3616 Ἰ
76 3562 414 3613 commemorat,
467 3555 525 3602 ab
558 3550 733 3602 artifice
774 3552 970 3616 quodam
1012 3552 1166 3615 Anglo
1200 3555 1453 3610 inventum,
1506 3566 1597 3614 quo
1644 3550 1883 3598 contendit
1925 3559 2075 3598 certae
2111 3547 2287 3613 figurae
2321 3567 2506 3613 corpus,
2551 3540 2781 3612 operculo·

75 3650 241 3714 pyxidis
271 3651 432 3707 simile,
470 3651 534 3697 ita
567 3648 743 3711 cuspidi
778 3649 946 3710 imponi
979 3662 1132 3710 posse,
1166 3653 1219 3694 ut
1252 3662 1306 3694 eo
1340 3648 1385 3692 in
1420 3661 1577 3708 gyrum
1612 3653 1715 3692 acto
1750 3641 2010 3708 superficies
2046 3660 2252 3709 suprema
2290 3646 2333 3691 in
2367 3646 2591 3707 planitiem
2629 3640 2763 3690 effor-

56 3738 207 3798 'nata'
237 3751 453 3808 perpetuo
500 3743 558 3792 ad
606 3743 888 3791 horizontem
935 3757 983 3789 se
1034 3747 1294 3803 componat,
1346 3741 1796 3803 talemquemotum
1837 3741 1883 3787 in
1922 3742 2206 3802 navigatione
2248 3737 2548 3793 commendat,
2599 3738 2762 3800 quippe

75 3838 205 3904 cnjus
234 3835 456 3887 beneficio
491 3851 648 3885 verum
680 3837 861 3899 planum
895 3834 1179 3883 horizontale
1213 3834 1403 3882 obtineri
1437 3840 1590 3896 queat,
1634 3835 1884 3895 agitatione
1920 3835 2042 3880 navis
2079 3846 2166 3878 non
2202 3832 2424 3878 obstante.
2478 3828 2761 3878 Manifestum

75 3941 224 3982 autem
263 3940 334 3981 est
374 3940 524 3982 motus
557 3931 972 3980 determinationem
1006 3931 1105 3977 talis
1139 3931 1343 3992 corporis
1378 3929 1431 3976 ad
1467 3943 1610 3991 genus
1645 3914 1892 3977 secundum
1928 3929 2170 3990 pertinere,
2207 3933 2339 3988 atque
2375 3941 2427 3972 eo
2463 3939 2558 3972 esse
2595 3921 2762 3972 dissici-
