2950 4276
1117 154 1423 206 Astronomia
1459 154 1747 207 mechanica.
2683 160 2779 212 193

84 297 297 355 minando
338 297 642 344 instituendus
685 299 816 344 nimis
845 293 1054 344 difficilis
1093 297 1374 346 redderetur.
1442 299 1541 354 Quo
1581 301 1713 346 etiam
1754 296 1886 346 facile
1919 301 2005 345 erit
2040 301 2129 345 vim
2164 300 2463 347 attrahentem
2497 302 2569 349 his
2604 305 2781 351 casibus

79 394 278 455 proxime
311 395 563 455 assignare,
605 391 744 439 modo
776 397 919 438 ,unum
954 391 1092 439 modo
1126 393 1319 440 alterum
1354 409 1523 455 corpus
1556 401 1771 456 tanquam
1804 393 2087 456 sphaericum
2121 395 2368 457 spectando
2402 403 2450 442 et
2480 393 2782 447 aberrationes

79 502 113 533 a.
138 486 238 547 lege
271 484 756 548 vulgari‘colligendo.
826 485 916 532 Sed
949 486 1212 547 plerumque
1243 485 1330 532 hae
1365 487 1673 533 aberrationes
1712 494 1803 533 tam
1838 496 1943 534 sunt
1983 490 2169 550 exiguae
2205 505 2287 551 pro
2323 488 2447 537 motu
2482 495 2777 552 progressive,

26 636 31 650 l
80 582 133 626 uli
163 581 404 625 satisxtuto
437 579 608 639 negligi
643 585 836 639 queant;
870 592 954 639 pro
975 583 1116 623 :motu
1151 584 1300 623 autem
1337 579 1572 639 vertiginis
1605 574 1779 624 sufficit
1807 575 2001 640 figuram
2028 583 2224 642 corporis
2248 585 2429 628 attracti
2458 585 2777 641 considerasse,

81 673 301 735 quoniam
324 673 475 717 {viresf
494 671 790 717 sollicitantes
830 685 912 733 per
944 670 1222 732 praelongos·
1245 677 1396 716 vectes
1428 677 1595 731 agunt,
1647 671 1770 716 unde
1801 674 1925 718 tanta
1960 675 2114 718 earum
2152 683 2373 727 momenta
2410 684 2675 733 nascuntur,
2728 688 2779 725 ut

79 780 184 828 prae
234 766 286 810 iis
338 769 559 810 momenta
601 751 812 816 virium,';
837 778 958 825 quae,
991 778 1043 808 ex
1080 758 1232 824 figura
1272 764 1478 824 corporis
1506 765 2024 822 'attracti²resultarent,
2049 818 2052 821 Δ
2078 781 2158 827 pro
2200 767 2341 813 nihilo
2375 778 2526 816 essent
2559 771 2777 829 habenda,

77 857 437 922 quandoquidem
472 857 558 904 hae
591 860 645 907 in,
672 859 983 919 ipso-'corpore
1009 855 1480 918 attractoapplicatae
1502 862 1615 902 ‘sunt
1642 856 1914 915 censendae,
1951 858 2139 920 ideoque
2165 862 2342 906 nonnisi
2369 864 2527 922 exigua
2554 870 2775 908 momenta

78 950 328 1018 producere
367 953 533 998 valent.

212 1073 287 1119 53.
337 1081 617 1122 Scholion
641 1085 699 1126 3.
755 1068 850 1120 Hae
874 1088 996 1136 ergo
1036 1068 1166 1123 sunt
1167 1076 1323 1131 vires,
1375 1073 1567 1136 quibus
1581 1088 1771 1135 corpora
1806 1073 2015 1120 coelestia
2053 1075 2375 1133 sollicitantur,
2426 1085 2471 1122 et
2505 1093 2556 1123 ex
2591 1094 2776 1155 quarum

79 1167 267 1244 actione
304 1180 460 1223 eorum
498 1173 658 1240 motus
698 1182 750 1213 ex
785 1168 1014 1239 principiis
1039 1167 1333 1240 mechanicis
1361 1169 1633 1241 investigari.
1658 1173 1860 1228 oportet,
1914 1169 2013 1229 qui,
2064 1170 2172 1230 quin
2207 1168 2429 1247 deinceps
2451 1172 2647 1217 vicissim
2678 1187 2779 1219 cum

79 1255 483 1329 observationibus
517 1262 792 1332 exactissime
844 1236 1138 1335 conveniant,
1184 1246 1238 1335 (3()
1292 1263 1451 1335 ιιιίιιιι3
1464 1268 1555 1332 est
1587 1237 1922 1334 dubitandum,
1976 1276 2079 1307 cum
2131 1264 2385 1326 existentia
2411 1263 2570 1312 harum
2623 1247 2778 1312 virium

53 1323 139 1399 'sit
189 1367 268 1414 per
319 1354 433 1413 ipsas
485 1333 822 1401 observationes
871 1323 1152 1402 confirmata.
1230 1354 1342 1402 Cum
1391 1326 1529 1416 igitur
1578 1354 1663 1401 hae
1719 1357 1832 1401 vires
1880 1371 2027 1417 neque
2071 1357 2161 1401 sint
2199 1327 2453 1417 quadratis
2471 1357 2779 1405 distanti-aium

81 1449 309 1509 reciproce
344 1449 723 1509 proportionales,
767 1465 914 1511 neque
955 1449 1014 1497 ad
1055 1451 1148 1516 ipsa
1184 1457 1338 1496 centra
1374 1451 1557 1519 inertiae
1593 1449 1815 1512 cujusque
1850 1451 2054 1511 corporis
2088 1450 2301 1507 tendant,
2353 1453 2435 1496 nisi
2471 1466 2657 1513 corpora
2692 1455 2781 1498 sint

78 1539 328 1603 sphaerica,
370 1556 448 1586 seu
491 1541 637 1586 omnia
673 1545 898 1585 momenta
934 1540 1119 1584 inertiae
1162 1515 1355 1608 habeant
1390 1515 1618 1612 aequalia,
1674 1539 1719 1583 in
1762 1538 1904 1585 multo
1947 1533 2229 1585 difficiliores
2263 1541 2623 1600 investigationes
2658 1540 2781 1586 dela-

32 1687 36 1691 ,
77 1633 243 1691 bimur,
294 1650 424 1696 quam
479 1632 661 1695 quidem
702 1606 996 1705 Newton'lis
1046 1639 1351 1720 susceperat.
1346 1631 1661 1698 Praeterea
1675 1638 1780 1678 vero
1800 1629 1995 1693 insigne
2039 1632 2225 1678 dubium
2267 1633 2340 1678 hic
2381 1636 2543 1690 oritur,
2599 1650 2654 1680 an
2697 1635 2780 1680 hae

79 1730 194 1775 vires
235 1729 353 1775 solae
395 1730 440 1774 in
482 1727 652 1774 mundo
688 1718 905 1802 existant,
943 1726 1143 1792 quibus
1164 1735 1354 1812 corpora
1373 1712 1611 1795 coelestia
1654 1711 1984 1772 sollicitentur?
2053 1719 2144 1792 Etsi
2185 1728 2302 1771 enim
2338 1727 2640 1787 phaenomena
2674 1731 2781 1776 alias

80 1822 222 1870 nobis
243 1838 332 1869 non
367 1820 658 1884 patefaciant,
710 1798 886 1892 tamen
895 1836 1001 1866 cum
1035 1810 1316 1866 universum
1331 1819 1522 1881 spatium
1558 1799 1774 1893 aethere
1801 1816 1955 1881 utpote
1992 1805 2170 1866 luminis
2208 1820 2415 1867 vehiculo
2450 1823 2510 1867 sit
2544 1823 2778 1885 repletum,

80 1913 175 1964 fieri
217 1918 398 1964 omnino
439 1918 617 1978 nequit,
671 1908 788 1976 (1ιιῖιι
795 1904 939 1962 inde
947 1912 1223 1960 resistentia
1240 1902 1497 1976 quaedam
1528 1897 1773 1970 nascatur,
1813 1909 1944 1976 quam
1987 1930 2177 1975 corpora
2215 1915 2423 1961 coelestia
2458 1918 2502 1961 in
2538 1925 2662 1964 motu
2700 1933 2781 1965 suo

81 2013 322 2074 patiantur.
387 2011 520 2058 Nam
540 2009 853 2073 quantumvis
866 2011 1000 2055 etia-m
1031 2009 1240 2057 subtilem
1276 2009 1471 2056 aetheris
1505 2008 1734 2055 materiam
1773 2005 2020 2070 fingamus,
2039 2006 2216 2056 tamen
2242 2023 2387 2072 neque
2422 2010 2643 2056 liberrime
2679 2027 2782 2058 eor-

82 2119 211 2171 pora
224 2107 440 2180 crassiora
466 2113 708 2176 penetrare
744 2106 878 2150 statui
915 2111 1087 2166 potest,
1129 2119 1274 2171 neque
1316 2120 1366 2172 ea
1402 2119 1546 2185 usque
1580 2103 1696 2165 adeo
1730 2106 1850 2170 poris
1884 2104 2012 2168 plena
2048 2106 2312 2169 concipere·
2309 2104 2452 2170 licet,
2473 2112 2546 2152 ut
2579 2107 2633 2152 in
2658 2113 2781 2152 motu

81 2213 162 2246 suo
196 2174 345 2248 nullos
377 2200 513 2286 plane
542 2201 738 2261 impetus
776 2197 832 2243 ab
867 2197 1050 2261 aethere
1085 2178 1349 2245 sustineant.
1402 2198 1471 2263 Ob
1496 2213 1646 2275 poros
1663 2196 1843 2277 quidem
1870 2198 2041 2277 aetheri
2048 2200 2267 2262 pervios
2278 2161 2526 2274 concedere
2553 2197 2781 2256 debemus,

81 2291 178 2356 eJus
210 2270 511 2365 resistentiam
546 2307 655 2375 prae
689 2307 770 2351 ea,
814 2274 947 2376 quam
989 2292 1076 2345 alia
1117 2279 1259 2339 fluida
1293 2292 1562 2377 objicerent,
1614 2293 1777 2347 multo
1789 2294 2009 2367 minorem
2044 2307 2141 2343 esse
2175 2307 2306 2374 quam
2342 2286 2425 2367 pro
2460 2294 2631 2367 ratione
2666 2292 2781 2339 den-

81 2382 251 2441 sitatis;
292 2362 470 2432 scilicet
500 2388 536 2432 si
567 2368 728 2432 aether
761 2392 880 2431 esset
916 2373 1088 2432 centies
1121 2375 1280 2432 millies
1314 2387 1456 2431 ratior
1488 2380 1614 2439 aere,
1668 2362 1919 2431 resistentia
1955 2375 2130 2431 multo
2134 2387 2275 2446 magis
2308 2400 2440 2446 quam
2476 2388 2646 2432 centies
2679 2387 2783 2432 mil-

82 2477 159 2524 lies
210 2482 355 2527 minor
405 2487 523 2526 esset
564 2478 805 2526 statuenda
846 2494 950 2541 prae
994 2493 1068 2537 ea,
1121 2493 1254 2542 quam
1295 2479 1437 2525 idem
1447 2493 1610 2541 corpus
1642 2481 1735 2541 pari
1773 2478 2005 2524 celeritate
2041 2486 2213 2525 motum
2248 2480 2293 2523 in
2323 2484 2429 2524 a’ere
2467 2481 2668 2526 sentiret
2734 2479 2779 2526 Si

83 2574 181 2635 quis
213 2574 413 2638 objicere
450 2575 604 2633 vellet,
638 2573 871 2621 aetherem
905 2575 1071 2636 cuique
1101 2574 1281 2636 corpori
1317 2573 1505 2620 coelesti
1540 2573 1735 2619 vicinum
1759 2574 1858 2635 -pari
1887 2572 2121 2630 celeritate
2149 2569 2358 2634 proferri,
2395 2571 2589 2634 ideoque
2614 2574 2781 2620 nullam

66 2665 186 2714 inde
218 2665 517 2715 resistentiam
550 2670 678 2726 oriri,
738 2668 860 2730 quod
896 2667 1101 2733 quidem
1102 2667 1254 2731 nulla
1268 2669 1444 2715 ratione
1479 2663 1755 2726 confirmari.
1751 2673 1944 2728 potest,
1997 2668 2034 2711 is
2068 2673 2219 2711 tamen
2254 2665 2501 2712 concedere
2535 2673 2779 2724 teneretur,

83 2767 279 2808 cometas
328 2763 626 2841 resistentiam
677 2763 781 2851 pati
820 2758 1000 2808 debere.
1069 2760 1199 2816 Quod
1249 2768 1397 2833 autem
1445 2756 1668 2832 effectum
1708 2759 1967 2823 hujusmodi
2017 2762 2301 2844 resistentiae
2339 2776 2429 2832 non
2443 2764 2778 2841 percipiamus,

80 2816 235 2900 cauda
249 2834 373 2912 es³t‚⁵
371 2830 546 2918 quod
544 2834 719 2903 nonnisi
755 2847 860 2917 post
891 2842 1028 2917 plura
1040 2842 1207 2902 Secula
1241 2830 1463 2901 sensibilis
1481 2828 1678 2900 evadat:
1730 2869 1783 2900 ac
1814 2842 1993 2910 tantum
2015 2829 2174 2922 ahest,
2199 2832 2286 2924 ut
2303 2850 2638 2902 observationes
2667 2833 2778 2930 huic

85 2950 330 2995 sententiae
363 2949 492 3011 plane
527 2948 843 3045 adversentur,
879 2955 934 3034 ut
959 2950 1121 3039 potius
1158 2951 1202 2995 in
1237 2956 1364 2995 motu
1397 2948 1530 3036 lunae
1563 2948 1666 2993 talis
1699 2936 1889 3031 effectus
1923 2946 2217 2993 animadverti
2237 2916 2478 2995 videatur.

214 3074 291 3119 513.
358 3080 707 3122 Theon-ema.
760 3059 1060 3140 Quotcunque
1095 3029 1287 3118 fuerint
1300 3062 1519 3153 corpora,
1565 3060 1679 3136 quae
1715 3058 1762 3116 se
1804 3052 1966 3140 mutuo
1997 3031 2246 3143 attrahant,
2301 3077 2348 3116 et
2381 3071 2780 3133 quomodocunque

361 3166 648 3222 moveantur,
695 3159 856 3211 eorum
879 3143 1147 3245 commune
1172 3146 1394 3212 centrum
1434 3142 1620 3210 inertiae
1649 3159 1763 3250 vel
1777 3137 2010 3245 quiescit
2043 3165 2113 3211 vel
2155 3137 2440 3211 uniformiter
2482 3166 2524 3209 in
2561 3164 2776 3211 dirictum

364 3267 674 3323 promovetur.

45 3359 175 3434 57-522„
215 3371 670 3420 ner-romaneto.
727 3368 914 3415 'Veritas
954 3367 1093 3431 hujus
1130 3367 1425 3416 theorematis
1451 3365 2097 3439 sistognititunt‘undamento,
2152 3367 2458 3430 quod÷-:vi=res,›
2492 3367 2664 3428 'quibus
2689 3366 2778 3413 duo

82 3468 602 3525 quaequecorp'ora‘se
638 3463 829 3508 invicem
861 3462 1121 3518 attrahunt,
1148 3464 1415 3510 :sintinter
1446 3476 1493 3509 se
1511 3462 1741 3525 ‘aequales
1772 3463 1896 3508 et==in
1931 3455 2221 3516 contrarium
2244 3455 2455 3506 directae.
2484 3488 2486 3490 v
2514 3460 2708 3508 Scilicet
2732 3461 2778 3506 si

87 3551 252 3602 fuerint
293 3551 395 3618 (fig.
425 3554 537 3619 1714)
581 3554 671 3602 duo
714 3571 907 3618 corpora
941 3570 1235 3619 quaecunque
1275 3559 1350 3604 Ma
1378 3565 1445 3604 et
1456 3554 1558 3614 Nb,
1573 3563 1648 3602 et
1667 3559 1752 3614 vis,
1789 3550 1877 3618 qua
1912 3570 1971 3602 se
1983 3563 2153 3602 mutuo
2188 3551 2429 3600 attrahunt
2457 3573 2518 3592 =
2542 3554 2594 3607 V,
2648 3553 2778 3615 'eujus

34 3647 278 3730 fiii-⁴543&
309 3651 370 3697 ⁸¹t
402 3657 540 3722 Fecssa,
563 3650 643 3720 as?
677 3651 738 3698 1ῑᾶ
774 3658 826 3699 Ut
858 3666 1033 3720 corpus
1060 3651 1135 3696 Ma
1169 3666 1200 3699 a
1213 3666 1428 3719 corpore
1451 3650 1520 3699 Nb
1553 3650 1842 3718 sollicitetur
1859 3666 1912 3701 a
1922 3651 1985 3695 vi
1997 3670 2060 3691 =
2085 3650 2135 3704 V
2153 3650 2198 3693 in
2227 3646 2476 3716 directione
2494 3646 2592 3710 αἱ),
2615 3661 2778 3707 corpus

0 3767 59 3841 1,,
59 3744 217 3823 Ἥρη)
232 3742 334 3815 Νὸ
348 3759 373 3791 a
407 3758 623 3815 corpore
642 3745 727 3814 Μα
759 3746 799 3794 vi
834 3766 898 3790 =
912 3746 963 3792 V
983 3746 1053 3816 in⁷
1068 3743 1347 3813 directione
1360 3746 1432 3793 ba.
1502 3744 1853 3823 Considerentur
1889 3745 2120 3808 utriusque
2143 3741 2357 3803 corporis
2391 3745 2549 3787 centra.
2579 3741 2778 3799 inertiae,

0 3845 11 3909 l

91 3849 206 3899 quae
254 3839 344 3884 sint
385 3839 430 3884 in
471 3835 517 3884 A
556 3844 602 3884 et
648 3839 706 3895 B,
761 3845 807 3885 et
848 3846 1070 3902 quatenus
1109 3845 1286 3887 tantum
1327 3838 1385 3887 ad
1427 3846 1598 3887 motum
1640 3818 1976 3901 progressivum
2021 3817 2178 3880 horum
2225 3846 2477 3894 corpoium
2503 3835 2779 3909 respicimus,

2429 3929 2493 3972 25

228 3964 258 3992 L.
268 3964 350 3993 Eule
354 3965 381 3993 ri
403 3967 451 4002 Op.
468 3965 612 4003 posthuma.
628 3967 661 3993 T.
682 3965 720 3991 u.
