2950 4276
0 227 66 262 mm
886 229 1180 285 Emendatio
1216 230 1489 318 tabularum·
1517 237 1772 293 lunarium.
2562 255 2661 310 363

0 374 155 424 inuris
184 370 433 435 competit,
458 383 512 419 ex
537 367 702 435 iisque&
720 367 945 421 eorrectio
963 376 1220 424 anomaliae
1251 377 1427 425 mediae
1463 381 1737 443 exploretur,
1781 393 1895 446 quae
1922 386 1968 436 ,εἰ
1999 394 2226 451 *perpetuo*
2265 391 2416 440 ea'dem
2457 399 2662 457 resultet,

0 461 273 532 monaque
304 460 1010 525 ohse‘rvatiouesssadhtbeanmt·
1043 470 1140 515 sive
1179 470 1316 525 eima,
1340 471 1676 534 aequinoctium
1702 482 1896 524 ‘vemum
1933 477 2038 527 sive
2064 485 2319 531 autumnale
2359 480 2527 543 ¹sactae,
2578 491 2664 540 boc

0 553 157 612 mim
190 562 284 606 erit
307 554 524 607 indicium
556 559 758 606 tamtam
791 552 1004 607 nostram·
1027 564 1341 624 aequationum
1375 565 1586 620 solarium
1611 573 1716 615 ‘esse
1736 565 1929 618 'veritati
1958 577 2318 626 consentaneam.
2367 604 2371 610 ·

5 653 251 773 ¹.¹¹'¹‘'¹§27‚
301 681 381 729 Sin
414 679 565 729 autem
598 676 709 748 aliae
742 665 987 729 anomaliae
1022 677 1192 730 mediae
1226 688 1531 733 correctiones
1569 675 1875 750 inveniantur,
1904 683 2053 755 ‘prout
2093 698 2203 745 aliae
2247 664 2580 752 observationes
2620 710 2665 757 in

0 753 239 837 fflputum
266 774 509 832 ducantur,
540 774 698 841 'tabula
733 768 898 842 nostra
923 775 1239 841 aequationum
1274 778 1484 826 solarium
1519 779 1621 827 data
1657 767 1724 828 sui
1758 765 1882 845 parte
1918 787 1986 833 vel
2021 799 2237 851 augeatur
2273 794 2342 840 vel
2378 794 2650 848 diminuatur

0 832 157 918 fficet
191 869 391 932 singulae
424 853 718 937 aequationesv
737 853 884 932 ⁵huju's
908 856 1093 916 ‘tabulae
1128 878 1251 933 parte
1286 849 1380 918 sua*
1399 856 1558 934 quarta‘
1590 858 1916 935 diminuantur,
1951 895 2053 926 cum
2089 883 2312 943 probabile
2345 890 2402 934 sit
2435 892 2469 935 si
2497 839 2662 942 errent,

0 931 352 1029 ae'inexcessu
385 951 596 1029 peccare:
631 946 900 1025 eaedemque
921 958 1214 1031 *operationes
1248 965 1334 1011 hac
1365 949 1485 1012 ‘sacta
1505 951 1767 1015 'mutatione
1801 971 2082 1033 repetantur,
2115 977 2266 1038 sicque
2294 980 2478 1040 patebit,
2513 933 2665 1034 utrunl

0 1032 217 1132 ffjbi‘an
259 1043 417 1104 minor
439 1050 686 1116 consensus
727 1039 785 1104 sit
823 1041 1119 1128 proditurus?
1159 1046 1221 1127 En
1259 1055 1355 1127 ipSa
1395 1067 1547 1106 autem
1590 1055 1868 1110 dissensuum
1908 1060 2219 1129 inaequalitate
2262 1086 2351 1118 non
2392 1075 2535 1122 solum
2568 1086 2665 1126 utra

0 1122 238 1214 fflothesis
270 1137 329 1198 ad
359 1132 594 1228 ¹*v‘eri'tat'em
629 1129 1385 1220 propius³accedat,ss'intelligetur,
1422 1153 1502 1201 sed
1537 1158 1670 1202 etiam
1707 1173 1810 1204 vera
1845 1161 2069 1220 quantitas
2107 1166 2418 1225 aequationum
2459 1169 2666 1219 solarium

0 1243 192 1323 meludi
224 1244 422 1308 poteri‘t.‘
465 1235 589 1302 Quae
618 1237 743 1292 'nisi'
771 1237 926 1293 adhuc
967 1230 1075 1293 satis
1117 1247 1240 1293 certa
1281 1243 1509 1303 videatur,
1563 1251 1692 1296 novis
1731 1236 2051 1313 hypothesibus
2101 1254 2381 1318 propioribus
2431 1255 2666 1322 fingendis,

0 1335 228 1400 tinglem'que
266 1340 598 1413 operationibus
638 1339 788 1386 denuo
829 1340 1134 1398 instituendis,
1187 1341 1327 1387 multo
1377 1343 1545 1389 certior
1591 1345 1858 1406 veritatique
1911 1344 2151 1394 conformis
2199 1349 2485 1398 obtinebitur.
2553 1354 2666 1410 Quin

0 1433 138 1491 m,
177 1448 266 1494 quo
307 1432 459 1480 minor*
485 1432 719 1480 dubitandi
761 1434 1223 1496 locusfrelinquatum
1258 1441 1493 1497 postquam
1527 1435 1617 1482 hoc
1650 1437 1786 1484 modo
1821 1453 1975 1485 omnes
2010 1439 2186 1487 tabulae
2220 1440 2391 1489 fuerint
2425 1455 2666 1506 correctae,

0 1538 71 1575 nae
101 1527 220 1588 ipsae
254 1527 409 1574 iisdem
445 1527 782 1590 operationibus
817 1527 967 1576 denuo
1003 1529 1184 1591 subjici,
1220 1536 1354 1591 atque
1390 1529 1531 1576 altera
1567 1531 1664 1576 vice
1699 1531 1925 1579 emendari
1962 1541 2188 1595 poterunt.

36 1728 38 1733 Α
112 1661 141 1729 §
175 1666 252 1711 28.
304 1664 474 1721 Quodsi
507 1673 655 1712 autem
688 1666 785 1712 aliis
818 1673 951 1728 atque
986 1666 1093 1712 aliis>
1117 1667 1508 1714 observationibus
1541 1667 1598 1713 ad
1633 1667 1721 1714 hoc
1757 1671 1991 1731 negotium
2025 1670 2290 1719 adhibendis
2330 1673 2529 1722 diversae
2563 1693 2668 1725 cor-

0 1760 204 1807 ffliones
237 1762 546 1816 inveniantur,
581 1776 726 1822 neque
760 1775 837 1806 eae
873 1762 931 1806 ad
955 1776 1224 1807 consensum
1255 1760 1439 1823 perduci
1466 1768 1653 1824 queant,
1690 1762 1796 1809 hinc
1830 1762 2062 1810 manifesto
2086 1753 2285 1827 liquebit,
2315 1769 2358 1813 in
2387 1770 2490 1829 ipsis
2517 1771 2668 1818 obser-

0 1854 235 1903 rationibus
257 1869 431 1901 errores
453 1855 611 1912 latere,
639 1857 716 1917 qui
744 1856 825 1901 nisi
854 1853 1034 1917 detegi,
1056 1835 1190 1917 atque
1218 1854 1554 1902 observationes
1590 1858 1805 1903 certiores
1839 1873 1863 1903 a
1899 1860 2042 1904 minus
2077 1861 2212 1904 certis
2247 1859 2448 1922 dignosci
2484 1860 2689 1925 queant}

0 1935 284 2010 porrectiones
316 1964 368 1993 ex
401 1949 590 2010 singulis
622 1957 822 2010 repertae
857 1950 1040 1995 seorsim
1075 1955 1313 2020 notentur,
1340 1964 1567 2011 ‘moreque
1603 1949 1885 1997 Astronomis
1919 1952 2026 1997 satis
2060 1952 2228 1998 solenni
2265 1954 2379 1999 inter
2406 1971 2561 2004 omnes
2592 1960 2672 2007 has

0 2045 282 2124 &rectiones
314 2043 512 2089 diversas
546 2042 741 2089 medium
777 2045 1001 2105 capiatur,
1043 2049 1095 2089 ut
1128 2045 1191 2089 sic
1226 2044 1535 2090 correctiones
1567 2043 1844 2101 tabularum,
1886 2060 1997 2106 quae
2037 2045 2242 2092 omnibus
2285 2047 2668 2101 observationibus

0 2131 118 2222 pul
148 2141 304 2186 sumtis
337 2155 469 2201 quam
503 2141 702 2201 proxime
737 2136 1036 2195 satisfaciant,
1072 2139 1374 2186 obtineantur.
1440 2138 1555 2186 Cum
1581 2146 1730 2186 autem
1757 2146 1881 2186 tanta
1907 2140 2137 2202 eclipsium
2172 2142 2388 2189 lunarium
2416 2147 2666 2205 multitudo,

104 2240 147 2281 ta
179 2249 291 2296 opus
325 2240 417 2288 est,
451 2223 590 2280 fuerit
623 2234 829 2290 collecta,
853 2232 1166 2299 ‘calculusque
1209 2233 1402 2294 primum
1435 2232 1739 2279 instituendus
1772 2233 2021 2289 ahsolutUS,
2063 2234 2148 2280 levi
2189 2238 2432 2282 attentione
2469 2240 2666 2288 adhibita

55 2331 65 2338 “
134 2312 194 2375 ’se
228 2323 446 2375 offerrent
478 2327 677 2374 subsidia
718 2327 972 2390 calculique
1013 2326 1299 2389 compendia,
1341 2334 1393 2372 ut
1437 2323 1719 2389 superfluum
1759 2324 1880 2373 foret
1920 2327 2047 2389 plura
2089 2327 2162 2373 hic
2203 2337 2437 2391 praecepta
2478 2333 2664 2392 tradere,

72 2414 74 2419 ’
130 2422 200 2470 vel
233 2421 405 2468 inutilia
439 2424 528 2468 sint
561 2419 734 2479 sutura,
770 2421 843 2468 vel
878 2428 1039 2484 sponte
1072 2436 1329 2468 occursura.

27 2536 142 2611 5ss
171 2545 249 2592 29.
300 2544 347 2591 Si
388 2546 489 2607 quis
530 2546 670 2605 igitur
709 2544 796 2591 hoc
836 2544 999 2591 calculi
1048 2558 1162 2590 onus
1203 2545 1249 2590 in
1283 2558 1330 2589 se
1372 2543 1600 2604 suscipere
1636 2541 1765 2599 velit,
1815 2543 1852 2588 is
1893 2557 1981 2589 non
2025 2543 2168 2591 solum
2211 2543 2266 2589 de
2310 2544 2478 2593 theoria
2522 2549 2664 2609 lunae,

40 2630 72 2651 '³
130 2639 185 2687 ab
218 2636 427 2687 omnibus
460 2642 731 2687 astronomis
765 2646 1000 2701 tantopere
1034 2637 1182 2685 adhuc
1216 2645 1288 2684 est
1322 2635 1592 2694 desiderata,
1629 2637 1813 2682 maxime
1849 2637 2116 2691 merebitur3
2150 2636 2229 2696 sed
2263 2639 2394 2682 etiam
2419 2639 2585 2687 nodum
2622 2646 2664 2690 in

21 2739 27 2743 ”
63 2713 71 2731 ⁸
107 2735 251 2785 nomia
285 2720 459 2780 maximi
494 2735 706 2780 momenti
742 2740 832 2779 tam
867 2731 1063 2779 feliciter
1096 2732 1316 2788 resolvet,
1338 2738 1403 2778 -ut
1435 2730 1556 2777 nulla
1589 2730 1673 2777 alia
1708 2731 1778 2775 via
1811 2745 1950 2792 aeque
1983 2737 2191 2776 accurata
2235 2730 2402 2777 solutio
2445 2741 2663 2794 expectari

198 2827 432 2875 Parallaxis
465 2827 640 2873 scilicet
673 2827 776 2873 solis
809 2826 1121 2882 horizontalis,
1156 2841 1243 2888 qua
1276 2826 1374 2889 ejus
1406 2840 1509 2872 vera
1542 2839 1567 2870 a
1602 2830 1724 2870 terra
1759 2822 1962 2870 distantia
2000 2823 2339 2879 determinatur,
2385 2831 2474 2870 tam
2512 2837 2665 2876 exacte

123 2908 332 2985 cognosci
368 2923 556 2984 poterit,
592 2927 643 2967 ut
676 2935 800 2967 error
833 2935 888 2966 ne
927 2918 1107 2981 quidem
1144 2919 1202 2966 ad
1237 2921 1463 2966 semissem
1498 2919 1654 2964 minuti
1689 2916 1875 2963 secundi
1910 2930 2142 2977 assurgere
2178 2919 2331 2976 possit.
2401 2916 2509 2963 Cum
2545 2923 2660 2968 enim

0 3014 1 3018 ’
47 2988 277 3077 ,barallaxi
304 3012 410 3059 solis
442 3010 736 3067 horizontali,
771 3024 903 3071 quam
943 3002 1095 3068 123¹
1137 3023 1452 3065 assumseram,
1503 3008 1689 3052 maxima
1730 3006 1862 3052 lunae
1903 3005 2108 3066 aequatio
2151 3005 2306 3050 solaris
2349 3021 2426 3066 pro
2477 3013 2664 3072 syzygiis

115 3102 128 3115 ⁸
198 3108 220 3148 t
261 3094 456 3157 13'12''‚
509 3102 545 3147 si
587 3101 672 3146 ista
713 3099 916 3160 aequatio
968 3098 1147 3145 calculo
1197 3098 1383 3144 evoluto
1433 3095 1578 3159 maj0r
1629 3097 1827 3141 minorve
1877 3095 2143 3155 reperiatur,
2195 3095 2239 3139 in
2290 3094 2439 3141 eadem
2492 3102 2661 3147 ratione

175 3196 212 3244 ’s
258 3195 363 3243 solis
410 3194 704 3243 horizontalis
754 3193 912 3254 augeri
966 3193 1158 3238 minuive
1209 3190 1406 3238 debebit.
1476 3190 1523 3237 Si
1575 3191 1716 3252 igitur
1755 3187 1801 3234 in
1851 3186 2217 3234 determinatione
2267 3187 2402 3249 hujus
2452 3196 2660 3241 maximae

142 3291 252 3338 'onis
284 3289 440 3336 solaris
473 3303 599 3335 error
633 3302 766 3349 supra
801 3285 1031 3333 dimidium
1065 3288 1286 3332 minutum
1322 3287 1515 3347 primum
1556 3283 1776 3330 committi
1818 3288 2032 3343 nequeat,
2076 3281 2215 3327 multo
2257 3283 2469 3328 minorem
2511 3294 2658 3333 autem

63 3432 66 3436 ,
117 3394 212 3429 esse
244 3380 445 3430 futurum
478 3389 608 3445 put03
643 3381 882 3444 parallaxin
917 3379 1023 3426 solis
1057 3379 1377 3426 horizontalem
1412 3386 1505 3425 tam
1540 3384 1749 3424 accurate
1785 3375 1890 3422 hinc
1925 3389 2201 3435 cognoscere
2238 3374 2404 3432 licebit,
2454 3386 2502 3423 ut
2535 3394 2659 3426 error

79 3455 81 3459 Α
127 3474 309 3524 cnidium
350 3475 529 3539 quidem
570 3454 792 3521 minutum
835 3473 1080 3520 secundum
1131 3475 1341 3534 attingat.
1408 3472 1628 3519 Ponamus
1677 3471 1794 3517 enim
1843 3469 2028 3514 inveniri
2081 3469 2308 3513 maximam
2352 3472 2653 3530 aequationem

46 3620 51 3625 ,
201 3571 247 3617 in
279 3571 467 3632 syzygiis
507 3563 700 3625 12'30''‚
736 3569 848 3615 haec
881 3567 1085 3628 analogia
1123 3568 1295 3614 institui
1331 3565 1537 3612 debebit:

50 3638 98 3734 ,ὡ
817 3680 998 3736 13'12''
1020 3704 1031 3735 :
1057 3681 1267 3737 12''30''‘
1286 3709 1349 3730 =
1375 3679 1550 3735 1'2'30''
1571 3703 1582 3734 ε
1607 3678 1818 3733 11”50”’

41 3739 136 3808 b.
185 3741 192 3747 ’

71 3818 254 3882 ὕμνει
285 3814 526 3877 parallaxin
561 3813 667 3861 solis
701 3812 1018 3859 horizontalem
1056 3809 1258 3859 suturam
1294 3827 1388 3860 esse
1428 3802 1659 3858 11'‘50'''.

3 3913 14 3995 l
50 3924 139 3994 *ς
170 3933 247 3982 30.
298 3934 467 3983 Contra
507 3935 729 3982 calculum
769 3934 842 3981 hic
885 3941 1170 3996 praeceptum
1204 3933 1308 3996 jure
1357 3931 1491 3995 objici
1535 3936 1701 3992 potest,
1747 3926 1867 3990 quod
1909 3925 2069 3972 tabulis
2120 3923 2344 3970 lunaribus
2384 3923 2439 3971 ad
2490 3933 2652 3974 statum
