2950 4276
72 423 97 450 0

163 739 266 789 ,ιιι

223 217 291 269 42
994 156 1050 260 L.
1090 208 1131 259 E
1146 207 1185 259 U
1194 206 1236 258 L
1247 206 1288 257 E
1298 206 1343 257 R
1353 205 1378 255 I
1416 201 1641 256 OPERA
1681 201 2067 255 POSTHUMA.
2649 217 2883 258 mechanica.

219 378 269 419 ut
302 338 506 444 V<ZAB>3
549 365 668 413 unde
703 379 804 412 cum
839 365 898 409 sit
936 363 979 409 V
980 358 1084 408 ,ΑΒ
1117 365 1171 405 ιιι
1205 358 1446 405 celeritatis
1479 355 1765 419 quadratum,
1811 356 1900 402 erit
1937 355 2140 417 corporis
2173 351 2219 400 A
2254 356 2319 401 vis
2352 361 2404 401 ιιι
2435 354 2706 418 quadratum
2741 353 2904 401 celeri-

218 461 324 506 tatis
359 456 546 504 ductum
576 457 621 500 in
654 453 856 514 corporis
892 465 1094 496 massam.
2764 499 2766 502 y

346 548 374 614 §
408 548 546 596 XVII.
597 547 683 601 Qui
718 559 824 591 vero
856 544 1018 590 volunt
1051 544 1142 588 vim
1174 542 1379 603 corporis
1412 536 1457 586 Α
1488 536 1588 586 fore
1621 546 1674 586 ut
1705 535 1880 586 factum
1913 554 1968 585 ex
2004 541 2046 585 vi
2081 537 2337 600 impellente
2378 538 2421 585 V
2456 544 2504 584 et
2543 545 2768 600 tempore,
2817 552 2910 599 quo

219 645 285 689 vis
326 643 368 689 V
395 655 556 701 corpus
584 637 634 685 Α
667 653 748 700 per
781 639 974 699 spatium
1008 635 1095 685 ΑΒ
1129 636 1391 690 comitatur,
1427 649 1480 679 ex
1513 632 1744 680 Cartesii
1780 632 1964 679 stabunt
1995 639 2139 694 parte.
2210 630 2439 694 Siquidem
2472 638 2651 694 tempus
2684 630 2806 677 istud
2838 637 2912 677 est

296 700 393 750 ην
384 707 500 776 ΑΒ),
538 729 598 776 et
631 728 736 773 hinc
773 728 840 773 vis
869 726 996 789 juxta
1030 741 1110 773 eos
1143 732 1197 771 ιιι
1239 693 1372 802 γῆξ
1382 699 1479 769 ΑΒ),
1521 723 1566 769 id
1601 729 1671 768 est
1708 729 1760 767 ut
1793 719 1932 784 V(V.
1945 720 2074 785 AB);
2110 721 2316 767 celeritas
2350 735 2457 767 vero
2496 727 2565 766 est
2597 727 2651 766 ιιι
2689 690 2794 747 a?
2801 695 2906 773 AB&

214 819 414 881 adeoque
452 820 518 864 vis
550 819 756 879 corporis
789 813 835 863 A
868 822 987 863 esset
1019 823 1074 875 ut
1107 812 1276 862 factum
1313 830 1366 861 ex
1399 827 1545 859 massa
1577 814 1624 859 in
1656 811 1945 858 celeritatem.
2004 810 2175 858 Verum
2204 810 2316 857 haec
2351 812 2473 856 vires
2498 809 2765 866 aestimandi
2791 812 2909 857 ratio

215 913 337 959 omni
371 918 497 958 caret
528 909 823 958 fundamento
857 915 904 956 et
941 911 1060 956 omni
1103 910 1264 955 rationi
1298 914 1544 969 repugnat,
1596 905 1754 952 eodem
1787 903 1881 952 fere
1915 905 2075 963 modo,
2118 920 2208 967 quo
2241 902 2270 970 §
2305 904 2391 952 XV
2425 904 2701 951 valvularum
2735 904 2793 950 ibi
2829 903 2911 951 de-

216 1007 483 1068 scriptarum
519 1007 765 1068 suppositio
797 1003 1085 1066 impossibilis
1122 1000 1212 1049 fuit
1245 1009 1438 1049 ostensa.

345 1097 374 1165 §
406 1098 571 1147 XVIII.
630 1098 695 1144 Ex
728 1099 855 1146 hisce
889 1098 1139 1160 principiis,
1193 1111 1244 1141 ex
1268 1097 1369 1156 ipsa
1403 1109 1552 1140 rerum
1588 1099 1749 1139 natura
1785 1094 1956 1153 petitis,
2004 1095 2110 1139 satis
2145 1092 2263 1140 clare
2296 1099 2361 1138 et
2377 1090 2611 1139 evidenter
2644 1052 2910 1138 Leibnitii

215 1196 332 1241 vires
366 1192 630 1241 aestimandi
661 1195 777 1240 ratio
811 1193 956 1238 evinci
990 1198 1037 1247 et
1071 1190 1367 1236 demonstrari
1401 1195 1551 1250 potest
1583 1187 1727 1233 hocce
1759 1185 2031 1248 sillogismo,
2068 1187 2199 1250 cujus
2230 1187 2374 1250 major
2405 1186 2655 1248 propositio
2679 1185 2796 1233 haec
2820 1191 2913 1232 est:

419 1268 426 1272 ⁴
503 1289 578 1336 Vis
610 1301 849 1349 corporum
883 1284 1155 1332 aestimanda
1189 1292 1255 1330 est
1286 1298 1346 1329 em
1378 1294 1528 1328 eorum
1561 1275 1741 1337 offatm
2895 1267 2900 1270 ⁴

216 1395 329 1443 quae
368 1382 618 1443 propositio
652 1388 744 1427 tam
777 1360 897 1426 clara
932 1385 1002 1425 est
1035 1393 1087 1425 ac
1122 1379 1265 1424 instar
1298 1377 1548 1433 axiomatis,
1600 1382 1649 1421 et
1682 1376 1759 1437 qui
1794 1374 1911 1420 hanc
1943 1380 2154 1436 negaret,
2202 1376 2355 1422 nescio
2390 1372 2501 1436 quid
2533 1388 2616 1436 per
2650 1373 2746 1436 vim·
2774 1371 2911 1419 intel-

215 1474 395 1538 ligeret.
463 1474 631 1523 Omnes
670 1473 908 1521 rationales
947 1471 1153 1519 homines
1185 1471 1457 1519 unanimiter
1489 1465 1778 1524 fatebuntur,
1827 1481 1931 1513 eum
1964 1468 2042 1528 qui
2078 1467 2190 1514 duos
2223 1466 2427 1514 homines
2461 1468 2596 1515 simul
2628 1473 2914 1531 prosternere

216 1570 382 1627 valeat,
417 1568 555 1631 duplo
590 1583 688 1615 esse
722 1565 955 1614 fortiorem
989 1581 1066 1622 eo,
1102 1566 1176 1626 qui
1212 1578 1350 1611 unum
1384 1569 1567 1608 tantum
1594 1568 1872 1623 prosternere
1899 1567 2072 1623 potest,
2109 1561 2282 1608 scilicet
2307 1564 2344 1608 si
2368 1562 2573 1609 homines
2598 1559 2912 1624 prosternendi

216 1663 342 1725 plane
375 1663 586 1726 aequales
618 1659 789 1708 fuerint
831 1667 875 1707 et
908 1659 1084 1722 aequali
1117 1660 1266 1719 rigore
1300 1671 1396 1704 sese
1431 1655 1558 1702 humi
1592 1654 1906 1702 stabiliverint.
1966 1654 2192 1702 Minorem'
2219 1657 2569 1717 propositionem
2603 1657 2662 1702 ita
2696 1652 2870 1703 formo:

497 1756 587 1804 Sed
621 1770 853 1817 corporum
884 1761 1096 1801 motorum
1129 1746 1307 1808 effectas
1339 1758 1442 1798 sunt
1474 1752 1522 1796 in
1555 1753 1728 1797 ratione
1762 1752 1998 1811 composita
2032 1760 2091 1796 σω
2121 1751 2317 1818 simplici
2339 1764 2589 1799 massarum
2612 1757 2652 1797 et
2679 1750 2912 1812 duplicata

626 1851 913 1896 celer-ilatum.

215 1943 361 2007 Hujus
396 1945 716 2006 propositionis
756 1945 922 1988 veritas
954 1941 1050 2003 jam
1094 1941 1202 1987 satis
1240 1941 1287 1986 in
1326 1938 1700 1986 antecedentibus
1733 1939 1779 1985 in
1813 1939 2014 2000 apricum
2049 1939 2191 2000 posita
2225 1945 2308 1984 est.
2377 1938 2430 1986 In
2462 1934 2492 2003 §
2522 1935 2632 1985 XIII
2666 1943 2912 1993 ostensum,

215 2053 381 2102 corpus
415 2037 554 2100 duplo
585 2037 779 2084 celerius
813 2037 973 2093 latum,
1010 2034 1261 2096 quadruplo
1296 2034 1446 2095 plures
1480 2033 1680 2080 valvulas
1718 2034 1892 2094 aperire
1927 2032 2088 2079 valere.
2159 2032 2211 2079 In
2244 2030 2362 2098 §xl
2397 2033 2764 2088 monstravimus,
2799 2045 2916 2093 qua-

214 2106 319 2180 tuor
365 2132 569 2179 homines
619 2132 799 2193 corpori
838 2132 1016 2177 nonnisi
1056 2129 1238 2190 duplam
1282 2128 1561 2178 celeritatem
1601 2141 1729 2189 posse
1772 2128 2026 2188 imprimere
2068 2127 2184 2189 ejus,
2235 2142 2367 2188 quam
2409 2141 2526 2173 unus
2566 2133 2741 2172 tantum
2773 2124 2911 2172 homo

216 2229 391 2288 corpori
426 2226 569 2273 eidem
603 2227 856 2287 imprimere
892 2225 1056 2277 valuit3
1108 2223 1229 2270 unde
1265 2237 1375 2284 ergo
1411 2224 1638 2284 sequitur,
1678 2223 1715 2267 si
1750 2236 1914 2283 corpus
1950 2228 2121 2267 tantam
2155 2220 2322 2268 habeat
2354 2221 2651 2277 celeritatem,
2687 2227 2738 2267 ut
2770 2221 2912 2282 possit

214 2320 438 2366 hominem
470 2333 614 2365 unum
647 2325 952 2380 prosternere,
988 2316 1105 2363 idem
1140 2331 1310 2379 corpus
1344 2315 1480 2377 dupla
1514 2315 1742 2362 celeritate
1773 2319 1801 2360 lv
1827 2314 2053 2371 homines,
2088 2315 2240 2377 tripla,
2276 2317 2306 2361 9
2333 2315 2539 2362 homines
2565 2321 2911 2377 prostraturum,

213 2428 326 2474 quae
362 2414 516 2475 utique
549 2413 671 2460 clare
707 2414 812 2478 satis
844 2418 892 2458 et
924 2411 1257 2458 evidentissime
1296 2411 1531 2457 veritatem
1565 2410 1886 2471 propositionis
1917 2410 2105 2456 minoris
2138 2411 2350 2456 evincunt
2382 2424 2436 2456 ac
2469 2408 2794 2456 demonstrant.
2845 2390 2912 2456 Ex

213 2507 284 2554 his
309 2522 431 2554 nunc
458 2508 710 2569 praemissis
736 2507 984 2552 necessario
1011 2505 1245 2552 conclusio
1273 2504 1343 2551 vel
1369 2518 1394 2549 a
1410 2502 1671 2551 Cartesiano
1699 2505 1742 2549 in
1768 2501 1967 2552 favorem
1994 2503 2266 2550 Leibnitii
2293 2502 2455 2550 deduci
2482 2502 2617 2550 debet
2641 2503 2726 2550 hoc
2753 2501 2909 2550 modo:

492 2602 620 2661 Erqo
656 2602 772 2647 vires
807 2613 1044 2660 corporum
1067 2605 1171 2644 sant
1197 2600 1245 2643 in
1270 2600 1441 2644 ratione
1467 2599 1700 2658 composita
1726 2611 1783 2643 ex
1806 2598 2002 2659 simplici
2025 2611 2272 2645 massarum
2299 2597 2594 2660 «et-duplicata
2620 2597 2909 2644 celer-ilatum.
2946 2588 2950 2595 '

343 2691 371 2758 §
405 2693 528 2742 XIX.
565 2693 679 2739 Hinc
712 2708 823 2754 ergo
858 2698 984 2754 patet
1017 2692 1186 2738 veritas
1220 2691 1340 2754 ejus,
1381 2690 1506 2753 quod
1541 2687 1570 2754 §
1597 2689 1703 2738 XVI
1737 2690 1896 2737 saltem
1930 2705 2010 2752 per
2034 2689 2305 2752 hypothesin
2330 2692 2576 2752 posuimuS.
2625 2688 2796 2752 Nempe
2821 2690 2913 2736 vim

215 2790 419 2850 corporis
453 2786 498 2834 A
530 2802 627 2834 esse
661 2794 713 2833 ut
746 2784 915 2832 factum
949 2801 1001 2832 ex
1033 2787 1076 2831 vi
1111 2785 1365 2847 impellente
1403 2792 1450 2831 et
1483 2786 1627 2846 spatio
1661 2781 1772 2841 AB,
1803 2799 1884 2846 per
1917 2784 2040 2847 quod
2071 2800 2097 2831 a
2131 2787 2172 2830 vi
2210 2783 2512 2847 protruditur,
2547 2799 2628 2831 seu
2660 2791 2714 2831 ut
2738 2790 2914 2846 tempus
2944 2799 2948 2802 ·

216 2884 456 2930 comitatus
490 2884 535 2927 in
571 2888 833 2943 computum
868 2879 1079 2937 ducatur,
1126 2881 1212 2926 vim
1248 2881 1449 2941 corporis
1485 2895 1581 2925 esse
1617 2881 1664 2925 in
1696 2881 1869 2925 ratione
1907 2881 2154 2940 composita
2187 2895 2240 2926 ex
2273 2878 2502 2941 duplicata
2543 2881 2612 2926 vis
2644 2876 2914 2940 impellentis

217 2980 262 3019 et
301 2972 531 3034 duplicata
564 2972 780 3032 temporis
818 2971 1071 3019 comitatus.
1142 2970 1342 3032 Tempus
1382 2970 1499 3016 enim
1540 2968 1632 3016 hoc
1666 2976 1735 3016 est
1768 2977 1822 3020 ut
1865 2938 1964 2989 ‘lor
1972 2945 2070 3018 AB),
2114 2967 2354 3018 denotante
2396 2970 2438 3016 V
2465 2971 2553 3016 vim
2595 2968 2910 3039 impellentem.
2942 2957 2943 2961 ¹

1003 3030 1205 3138 VWVAB),
1241 3075 1351 3122 ergo
1386 3057 1555 3106 ΑΒ-
1493 3081 1555 3101 =
1576 3066 1625 3106 lt
1639 3060 1688 3115 V,
1722 3058 1924 3122 adeoque
1950 3013 2062 3107 tcum
2096 3061 2155 3107 sit
2187 3062 2253 3106 vis
2285 3061 2490 3120 corporis
2522 3066 2574 3105 ut
2614 3060 2656 3108 V
2659 3056 2786 3116 AB,
2825 3058 2950 3106 erit,-

217 3060 286 3108 Sit
316 3069 492 3124 tempus
526 3060 637 3108 illud
673 3068 711 3116 t,
737 3061 849 3129 ¹erit
888 3069 985 3107 t=

218 3166 269 3198 ea
303 3167 481 3214 quoque
516 3159 567 3198 ut
607 3152 645 3198 V
649 3152 728 3199 Vtt.

346 3244 375 3311 ἕ
407 3244 505 3291 ΧΧ.
543 3245 664 3303 Hinc
691 3260 799 3307 ergo
833 3252 959 3307 patet
992 3248 1106 3293 ratio
1139 3245 1259 3308 ejus,
1293 3220 1418 3308 quod
1452 3246 1725 3307 experientia
1757 3243 1974 3293 edoctum
2006 3251 2094 3302 est,
2130 3243 2255 3307 quod
2287 3259 2449 3308 nempe
2485 3245 2663 3306 corpori
2695 3241 2911 3294 undecim

220 3358 261 3388 v.
299 3356 367 3404 gr.
403 3340 616 3403 gradibus
656 3340 899 3387 celeritatis
935 3347 1081 3396 moto,
1123 3341 1305 3402 insuper
1343 3355 1483 3395 unum
1516 3339 1760 3386 celeritatis
1792 3338 1982 3401 gradum
2017 3338 2077 3386 ad
2109 3339 2449 3401 imprimendum
2481 3338 2628 3389 multo
2660 3338 2806 3401 major
2837 3353 2914 3389 re-
2940 3345 2950 3361 ⁷

219 3438 424 3498 quiratur
458 3437 546 3491 vis,
587 3449 718 3497 quam
754 3433 811 3480 ad
832 3448 984 3497 'unum
1019 3434 1261 3489 celeritatis
1293 3433 1488 3495 gradum
1521 3435 1699 3495 corpori
1733 3435 1985 3496 quiescenti
2018 3434 2375 3496 imprimendum.
2442 3433 2588 3496 HuJus
2621 3434 2912 3495 experimenti
2939 3448 2950 3461 ⁶

218 3531 330 3577 ratio
369 3545 422 3576 ex
456 3528 598 3583 dictisv
621 3527 755 3576 facile
790 3533 934 3590 patet3
987 3529 1045 3574 sit
1078 3530 1196 3583 enim
1230 3529 1299 3586 vis
1332 3529 1541 3590 corporis·
1566 3542 1660 3578 uno
1695 3526 1937 3581 celeritatis
1969 3528 2119 3589 gradu
2150 3530 2263 3575 moti
2304 3529 2357 3585 V,
2408 3529 2662 3590 requiretur
2696 3529 2765 3576 vis
2799 3542 2823 3574 ν
2853 3524 2911 3574 ad

218 3623 363 3670 eidem
412 3625 591 3686 corpori
617 3623 885 3685 -quiescenti
931 3622 1174 3669 celeritatis
1219 3621 1408 3684 gradum
1457 3637 1598 3668 unum
1645 3621 2012 3684 imprimendum,
2064 3629 2112 3668 et
2152 3629 2208 3668 ut
2245 3621 2474 3669 celeritate
2516 3628 2572 3668 ut
2618 3625 2669 3669 Η
2713 3619 2909 3677 incedat,
2933 3628 2950 3658 f-

143 3706 146 3710 ’
218 3719 464 3779 requiritur
496 3719 565 3764 vis
596 3723 651 3763 ut
688 3718 837 3771 12103
886 3723 946 3763 ut*
984 3717 1046 3762 12
1085 3716 1330 3764 celeritatis
1373 3715 1591 3778 gradibus
1629 3713 1828 3773 feratur,
1874 3730 1988 3779 opus
2021 3722 2090 3762 est
2128 3716 2172 3761 vi
2212 3717 2409 3777 exposita
2450 3730 2531 3778 per
2575 3717 2720 3770 {blm
2758 3716 2946 3777 requi-¹

217 3812 328 3857 ritur
359 3826 468 3874 ergo
504 3813 571 3858 vis
603 3817 655 3858 ut
688 3812 782 3858 230
816 3809 876 3857 ad
908 3808 978 3863 id,
1009 3816 1063 3857 ut
1088 3824 1258 3872 corpus
1287 3812 1342 3856 11
1373 3806 1620 3857 celeritatis
1645 3808 1865 3871 gradibus
1891 3816 2090 3867 motum,
2124 3808 2369 3857 celeritatis
2396 3809 2567 3872 gradus
2595 3810 2655 3856 12
2681 3810 2909 3871 acquirat3

216 3920 318 3952 cum
351 3911 501 3951 tamen
528 3907 600 3954 svis
633 3905 791 3954 saltem
828 3920 852 3954 ν
885 3901 1070 3955 efficere
1102 3906 1268 3968 possit,
1302 3911 1354 3952 ut
1386 3919 1552 3967 corpus
1585 3911 1692 3952 ante
1724 3906 1962 3967 quiescens
1993 3918 2084 3951 uno
2118 3903 2364 3951 celeritatis
2397 3903 2543 3966 gradu
2575 3910 2826 3952 moveatur.

1255 4020 1849 4051 W
