2950 4276
1307 199 1355 256 S
1353 205 1512 257 tatz'ca.
2727 210 2757 259 7

190 348 268 396 36.
329 352 552 395 Col-oll-
592 355 640 398 1.
700 346 918 395 Potentiis
950 361 1062 410 ergo
1098 342 1389 411 quotcunque
1425 355 1596 411 puncto
1630 347 1888 411 applicatis,
1924 354 1974 394 ut
2009 343 2252 395 definiatur
2285 351 2484 411 potentia
2519 352 2572 397 iis
2608 354 2761 413 aequi-

55 440 233 498 valens,
286 448 471 504 oportet
504 439 791 515 determinari
826 442 1071 504 potentiam
1107 456 1212 487 cum
1246 443 1314 501 iis
1334 443 1380 488 in
1414 442 1678 504 aequilibrio
1715 449 2017 500 constantem,
2068 442 2265 505 huicque
2299 443 2531 505 aequalem
2565 451 2611 492 et
2646 460 2758 491 con-

52 536 235 582 trariam
268 534 504 596 applicari:
546 536 636 581 erit
668 534 783 582 haec
818 535 1035 597 potentia
1052 535 1106 579 iis
1139 534 1440 616 aequivalens.

187 628 265 674 37.
316 631 537 674 Coroll-
562 636 616 677 2.
665 627 795 675 Patet
828 628 983 683 etiam,
1026 625 1131 673 data
1150 628 1366 705 potentia
1409 634 1704 699 quotcunque
1739 627 1854 674 datis
1886 629 2220 691 aequivalente,
2263 627 2367 675 inde
2403 629 2590 677 inveniri
2626 628 2757 677 facil-

52 719 157 768 lime
191 722 453 783 potentiam,
506 722 688 799 insuper
728 700 787 768 ad
818 719 1132 797 aequilibrium
1150 701 1460 767 obtinendum
1495 719 1827 784 applicandam,
1871 722 1938 769 illi
1970 723 2179 769 nimirum
2214 720 2423 770 omnibus
2460 701 2758 787 aequivalenti

56 813 286 877 aequalem
321 821 367 860 et
401 816 655 877 oppositam
688 812 972 876 applicando.

188 908 265 955 38.
316 912 536 969 Col-011.
569 917 624 958 8.
682 908 782 970 Fig.
816 911 890 954 15.
948 907 996 955 Si
1038 922 1151 970 ergo
1194 915 1378 971 puncto·
1404 906 1451 955 A
1493 908 1741 971 applicatae
1781 910 1874 955 sint
1915 908 2028 956 duae
2069 910 2296 971 potentiae
2330 907 2433 967 AC,
2468 906 2579 967 AD,
2633 924 2758 957 com—

54 1000 319 1065 pleaturque
361 1002 827 1064 parallelogrammum
867 1000 1058 1059 ACPD,
1096 1001 1366 1064 diagonalis
1405 1001 1497 1049 ΑΡ
1539 1003 1900 1065 repraesentabit
1936 1004 2179 1065 potentiam
2221 1002 2439 1050 ambabus
2472 1001 2558 1051 AC
2589 1010 2635 1050 et
2670 1002 2759 1051 AD

53 1095 426 1160 aequivalentem,
462 1096 559 1159 ejus
592 1097 710 1142 enim
743 1096 942 1159 aequalis
976 1103 1024 1144 et
1057 1098 1285 1144 contraria
1317 1094 1404 1143 AB
1438 1112 1544 1143 cum
1580 1094 1668 1155 illis
1701 1098 1747 1143 in
1782 1097 2047 1168 aequilibrio
2081 1098 2314 1158 consistet
2335 1094 2455 1160 (32).

465 1188 597 1259 Auct.
631 1192 787 1252 script.
824 1193 872 1237 in
903 1193 1124 1254 marqine.
1193 1164 1279 1237 Hic
1325 1192 1628 1254 principium
1643 1166 1983 1254 compositionis
2030 1196 2078 1236 et
2124 1189 2414 1250 resolutionis
2454 1190 2757 1253 potentiarum

335 1284 573 1330 inseratur.

187 1377 264 1423 39.
315 1381 538 1424 coron.
570 1385 625 1427 4.
675 1349 847 1426 Poterit
880 1392 932 1424 ex
966 1374 995 1442 §
1024 1380 1084 1425 33
1120 1376 1281 1424 eadem
1314 1379 1518 1440 potentia
1554 1378 1841 1440 aequivalens
1883 1379 1977 1424 sine
2014 1341 2319 1440 completione
2346 1376 2759 1442 parallelogrammi

52 1471 262 1527 inveniri,
301 1470 539 1533 jungendo
579 1470 657 1517 CD
691 1478 738 1517 et
778 1470 837 1518 ad
870 1472 968 1536 ejus
1001 1469 1293 1519 medietatem
1325 1472 1371 1519 E
1404 1470 1617 1519 ducendo
1651 1470 1764 1519 AE:
1814 1471 1955 1536 hujus
1989 1470 2175 1535 duplum
2206 1462 2315 1517 ΑΒ
2331 1469 2562 1568 exhibebit
2596 1479 2757 1534 poten-

22 1551 160 1612 'tiam
195 1564 549 1627 aequivalentem
587 1562 632 1630 (§
661 1564 781 1628 cit..)

184 1661 262 1707 40.
303 1663 587 1706 Definitio
612 1668 661 1710 7.
697 1659 847 1707 Media
881 1660 1072 1708 directae‘o
1106 1641 1400 1723 quotcunque
1434 1660 1739 1722 potentiarum
1765 1656 1955 1724 vocatur
1982 1658 2170 1706 directio
2196 1660 2440 1722 potentiae,
2468 1660 2523 1706 iis
2549 1659 2759 1722 potentiis

54 1753 262 1802 omnibus
295 1751 627 1816 aequivalentis.
1009 1734 1013 1742 ⁸
2236 1746 2238 1748 ⁷

185 1850 263 1895 101.
310 1850 532 1896 col-011.
584 1847 770 1912 Duabus
803 1863 913 1912 ergo
945 1849 1163 1911 potentiis
1196 1846 1279 1895 AC
1309 1854 1356 1894 et
1388 1845 1481 1894 AD
1502 1849 1685 1910 vpuncto
1720 1844 1765 1894 A
1798 1846 2055 1910 applicatis,
2090 1845 2238 1894 media
2275 1861 2429 1894 earum
2465 1844 2659 1894 directio
2685 1847 2758 1893 in-

54 1940 164 1990 cidit
197 1943 242 1988 in
278 1939 563 2003 diagonalem
596 1941 687 1989 AP
721 1942 1127 2007 parallelogrammi
1160 1940 1347 2006 ACPD
1369 1938 1493 2008 (38).
1879 2003 1883 2006 ᾖ
2005 2003 2008 2005 ‚

186 2036 264 2082 142.
310 2041 560 2083 Axioma
585 2045 638 2087 8.
691 2035 815 2085 Loco
857 2043 1163 2103 quotcunque¹
1189 2038 1493 2100 potentiarum
1529 2042 1701 2100 puncto
1736 2034 2083 2098 applicatarum,
2124 2051 2279 2089 earum
2301 2036 2515 2102 'potentia
2548 2036 2759 2100 aequiva-

55 2131 152 2179 lens
186 2130 395 2178 substitui
430 2137 597 2193 potest.
1021 2119 1023 2123 ⁷
1159 2120 1161 2123 ⁷
1297 2119 1300 2123 Δ
1331 2116 1334 2122 ⁴
1479 2116 1482 2118 ⁷
1607 2122 1610 2123 ⁷

188 2228 266 2273 43.
316 2230 635 2272 Problema
662 2233 714 2276 5.
769 2224 871 2287 Fig.
912 2227 985 2273 16.
1046 2206 1219 2273 Puncto
1261 2223 1307 2272 A
1340 2214 1630 2288 quotcunque
1682 2226 1898 2289 potentiis
1946 2223 2053 2279 AC,
2087 2222 2202 2281 AD,
2236 2223 2346 2278 AE,
2381 2222 2467 2271 AF
2509 2223 2754 2286 applicatis,

52 2321 255 2368 invenire
289 2322 533 2382 potentiam
566 2321 620 2366 iis
655 2319 864 2367 omnibus
894 2313 1269 2382 aequivalentem.
1837 2340 1840 2342 <

184 2417 432 2461 solutio.
485 2412 684 2460 Duarum
717 2414 1020 2475 potentiarum
1055 2410 1139 2474 AC
1170 2419 1216 2458 et
1250 2409 1342 2459 AD
1375 2419 1620 2489 quaeratur
1651 2411 1938 2485 aequivalens
1972 2410 2077 2468 AG,
2107 2409 2346 2474 jungendo
2382 2417 2546 2473 puncta
2581 2411 2618 2458 C
2639 2417 2686 2457 et
2712 2409 2756 2456 D

53 2514 176 2557 recta
212 2506 310 2564 CD,
345 2512 391 2552 et
425 2521 505 2569 per
538 2506 634 2570 ejus
668 2505 869 2552 medium
905 2506 946 2553 L
978 2505 1189 2552 ducendo
1224 2504 1389 2554 AG=
1410 2505 1527 2552 2AL
1555 2505 1678 2569 (38).
1734 2505 2045 2553 Substituatur
2078 2505 2181 2552 loco
2214 2503 2296 2551 AC
2327 2510 2375 2550 et
2406 2503 2496 2550 AD
2527 2505 2642 2551 haec
2668 2502 2757 2552 AG

57 2592 171 2664 (32),
205 2608 251 2648 et
283 2599 441 2647 eodem
478 2594 615 2648 modo
648 2579 894 2662 quaeratur
927 2601 1126 2662 petentia
1161 2599 1256 2665 AH
1284 2579 1569 2662 aequivalens
1603 2593 1818 2661 potentiis
1850 2597 1937 2647 AG
1962 2605 2008 2644 et
2032 2596 2125 2646 ΑΕ
2150 2596 2280 2661 (38),
2317 2597 2617 2660 aequivalebit
2640 2596 2755 2643 haec

54 2694 198 2742 tribus
230 2695 445 2757 potentiis
479 2691 580 2751 AC,
618 2691 710 2740 AD
744 2700 792 2741 et
821 2691 930 2749 ΛΕ;
966 2700 1156 2756 quarum
1190 2693 1295 2741 loco
1329 2692 1417 2740 hac
1445 2691 1542 2740 AH
1560 2693 1804 2740 substituta
1831 2693 1958 2755 (42),
1997 2692 2131 2754 porro
2157 2698 2398 2753 quaeratur
2427 2692 2623 2753 potentia
2652 2688 2755 2748 AP,

55 2787 266 2851 potentiis
299 2786 394 2835 AH
419 2793 465 2834 et
499 2786 586 2835 AF
612 2788 901 2850 aequivalens
937 2786 1059 2850 (38),
1094 2776 1394 2850 aequivalebit
1427 2787 1540 2833 haec
1574 2785 1662 2833 ΑΡ
1696 2787 1911 2848 potentiis
1946 2783 2051 2842 AC,
2085 2782 2196 2843 AD,
2234 2783 2326 2831 ΑΕ
2355 2792 2400 2830 et
2433 2783 2529 2850 AF.
2565 2783 2616 2838 Q.
2643 2783 2693 2830 E.
2720 2782 2753 2830 l.

187 2885 264 2930 ῐιῑι.
314 2887 537 2929 Coroll-
588 2882 807 2951 Potentiis
849 2896 971 2949 ergo(
995 2889 1285 2944 quotcunque
1320 2878 1421 2938 AC,
1456 2879 1568 2938 AD,
1603 2864 1696 2927 AE
1725 2886 1774 2927 et
1806 2877 1894 2927 AF
1922 2886 2092 2942 puncto
2126 2877 2171 2926 A
2203 2877 2458 2940 applicatis,
2502 2878 2756 2924 invenietur

56 2956 254 3041 potentia
287 2975 374 3024 AB
408 2978 589 3039 insuper
632 2974 919 3039 applicanda,
974 2981 1025 3022 ut
1065 2974 1383 3054 aequilibrium
1416 2974 1698 3032 obtineatur,
1747 2972 2014 3039 accipiendo
2048 2970 2133 3022 AB
2166 2971 2397 3035 aequalem
2432 2978 2477 3018 et
2511 2972 2756 3034 oppositam

58 3067 284 3133 potentiae
319 3068 433 3128 ΑΡ,
469 3068 586 3116 datis
620 3060 918 3132 aequivalenti
956 3067 1076 3131 (39).

188 3165 265 3210 ¹⁵5.
318 3168 650 3211 'theorema
676 3171 730 3212 4.
777 3161 877 3224 Fig.
891 3154 986 3209 17
1023 3162 1197 3209 Pu'ncto
1231 3158 1277 3208 A
1310 3161 1455 3210 tribus
1488 3132 1700 3234 potentiis
1733 3159 1834 3219 AC,
1869 3160 1963 3209 AD
1996 3143 2046 3208 et
2077 3158 2170 3208 AE
2198 3155 2458 3224 applicatis,
2494 3160 2531 3205 si
2567 3157 2758 3206 ducatur

59 3231 161 3314 CD,
196 3273 336 3320 eaque
371 3259 418 3304 in
439 3258 494 3306 L
512 3256 728 3304 bifariam
762 3263 961 3312 secetur,
1016 3254 1120 3302 dein
1147 3255 1371 3318 jungatur
1406 3254 1511 3313 LE,
1564 3257 1611 3302 in
1646 3255 1788 3318 eaque
1821 3256 2072 3318 accipiatur
2104 3254 2271 3302 LM=
2268 3251 2437 3346 ³LE,
2475 3253 2759 3312 'ducaturque

58 3349 164 3404 AM,
198 3350 332 3414 hujus
365 3352 552 3414 triplum
586 3352 676 3398 ΑΡ
708 3352 925 3412 exprimet
959 3340 1210 3412 potentiam
1227 3347 1372 3396 datis
1391 3348 1491 3407 AC,
1527 3348 1619 3396 AD
1653 3352 1699 3396 et
1722 3346 1827 3396 ΑΕ
1857 3349 2225 3412 aequivalentem.
2273 3348 2275 3352 ’
2463 3349 2482 3352 ”

190 3435 649 3506 ”emman-atio.
716 3443 1006 3491 Producatur
1039 3440 1125 3490 AL
1158 3443 1208 3489 in
1244 3442 1304 3500 G,
1341 3446 1393 3490 ut
1424 3445 1483 3491 sit
1516 3442 1681 3493 AG=
1687 3427 1838 3501 2AL,
1882 3445 1967 3490 erit
2000 3442 2203 3506 potentIa
2237 3440 2325 3490 AG
2359 3438 2643 3502 aequivalens
2678 3453 2759 3499 po-

58 3525 212 3586 tentiis
245 3537 330 3587 AC
359 3546 407 3587 et
440 3537 550 3595 AD,
587 3537 784 3587 ducatur
816 3537 917 3586 GE.
953 3536 1251 3585 demonstrari
1283 3544 1465 3600 oportet
1492 3538 1645 3625 primo
1676 3536 1845 3584 rectam
1873 3534 1973 3584 AM
1994 3535 2261 3599 productam
2288 3537 2333 3582 in
2360 3533 2508 3581 medio
2536 3531 2585 3578 II
2603 3530 2759 3583 secari,

59 3626 106 3676 et
136 3618 260 3678 dein
271 3611 373 3680 3333(
405 3607 501 3726 AM
531 3632 714 3681 tertiam
749 3636 922 3727 partem
957 3629 1145 3697 duplae
1155 3629 1266 3689 AH,
1307 3637 1388 3679 seu
1414 3619 1521 3678 esse¹
2455 3627 2460 3635 ⁷

867 3730 874 3736 “
947 3722 994 3733 ”
1080 3692 1766 3793 AMzMH=2.1(3⁷8).

61 3814 129 3863 Ex
158 3791 410 3867 Geometria
444 3794 623 3867 constat
655 3835 753 3867 esse
788 3820 856 3866 sin
894 3815 1051 3867 GAH:
1072 3799 1141 3865 sin
1161 3794 1366 3866 E⁷AH=
1383 3818 1487 3867 GH.
1498 3817 1619 3878 AE:
1639 3818 1745 3865 EH.
1756 3788 1843 3866 AG
1876 3832 1927 3863 ex
1963 3814 2322 3864 consideratione
2349 3808 2571 3874 trianguli
2607 3807 2758 3863 AGE3

61 3908 140 3957 sed
167 3926 217 3959 ex
252 3913 482 3975 triangulo
517 3912 649 3962 ALE
680 3915 766 3960 erit
800 3914 868 3960 sin
909 3911 1063 3961 GAH.
1082 3913 1151 3959 sin
1170 3910 1380 3960 ΕΔΗ-τ
1401 3912 1509 3960 LM.
1523 3911 1637 3960 ΑΕ.
1657 3912 1764 3959 ΕΜ.
1774 3909 1881 3965 AL,
1917 3909 2036 3957 unde
2072 3909 2186 3955 haec
2220 3905 2394 3953 eruitur
2409 3887 2655 3966 analogia:
