<?xml version="1.0" encoding="UTF-8"?>
<!DOCTYPE html PUBLIC "-//W3C//DTD XHTML 1.0 Transitional//EN"
    "http://www.w3.org/TR/xhtml1/DTD/xhtml1-transitional.dtd">
<html xmlns="http://www.w3.org/1999/xhtml" xml:lang="en" lang="en">
 <head>
  <title>
</title>
<meta http-equiv="Content-Type" content="text/html;charset=utf-8" />
  <meta name='ocr-system' content='tesseract 3.04.00' />
  <meta name='ocr-capabilities' content='ocr_page ocr_carea ocr_par ocr_line ocrx_word'/>
</head>
<body>
  <div class='ocr_page' id='page_1' title='image "./operapostumamath02euleuoft_0815.png"; bbox 0 0 2950 4276; ppageno 0'>
   <div class='ocr_carea' id='block_1_1' title="bbox 29 103 2781 532">
    <p class='ocr_par' dir='ltr' id='par_1_1' title="bbox 29 103 2781 532">
     <span class='ocr_line' id='line_1_1' title="bbox 36 103 38 131; baseline 0 0"><span class='ocrx_word' id='word_1_1' title='bbox 36 103 38 131; x_wconf 65' lang='lat' dir='ltr'><em>r</em></span> 
     </span>
     <span class='ocr_line' id='line_1_2' title="bbox 29 152 2778 231; baseline 0.004 -28"><span class='ocrx_word' id='word_1_2' title='bbox 29 152 38 172; x_wconf 79' lang='grc'>”</span> <span class='ocrx_word' id='word_1_3' title='bbox 65 199 89 231; x_wconf 43' lang='lat' dir='ltr'><strong>v,</strong></span> <span class='ocrx_word' id='word_1_4' title='bbox 985 154 1238 208; x_wconf 76' lang='lat' dir='ltr'><strong>Meditatt&#39;o</strong></span> <span class='ocrx_word' id='word_1_5' title='bbox 1275 157 1334 207; x_wconf 88' lang='lat' dir='ltr'><strong>de</strong></span> <span class='ocrx_word' id='word_1_6' title='bbox 1369 155 1662 226; x_wconf 81' lang='lat' dir='ltr'><em>formatione</em></span> <span class='ocrx_word' id='word_1_7' title='bbox 1700 175 1884 211; x_wconf 84' lang='lat' dir='ltr'><strong>vocum.</strong></span> <span class='ocrx_word' id='word_1_8' title='bbox 2664 166 2778 219; x_wconf 77' lang='lat'><strong>799</strong></span> 
     </span>
     <span class='ocr_line' id='line_1_3' title="bbox 31 294 2781 364; baseline 0.004 -25"><span class='ocrx_word' id='word_1_9' title='bbox 31 294 40 364; x_wconf 59' lang='lat' dir='ltr'><strong>i</strong></span> <span class='ocrx_word' id='word_1_10' title='bbox 68 301 82 355; x_wconf 57' lang='lat' dir='ltr'><strong><em>J</em></strong></span> <span class='ocrx_word' id='word_1_11' title='bbox 203 300 311 341; x_wconf 65' lang='lat' dir='ltr'><strong>‘Hos</strong></span> <span class='ocrx_word' id='word_1_12' title='bbox 338 300 444 341; x_wconf 85' lang='lat' dir='ltr'><strong>inter</strong></span> <span class='ocrx_word' id='word_1_13' title='bbox 473 300 620 340; x_wconf 88' lang='lat' dir='ltr'><strong>dantur</strong></span> <span class='ocrx_word' id='word_1_14' title='bbox 642 297 816 363; x_wconf 29' lang='lat' dir='ltr'><strong>‘quidem</strong></span> <span class='ocrx_word' id='word_1_15' title='bbox 845 297 1014 351; x_wconf 77' lang='lat' dir='ltr'><strong>plurimi</strong></span> <span class='ocrx_word' id='word_1_16' title='bbox 1044 298 1290 340; x_wconf 84' lang='lat' dir='ltr'><strong>intermedii.</strong></span> <span class='ocrx_word' id='word_1_17' title='bbox 1349 298 1459 340; x_wconf 85' lang='lat' dir='ltr'><strong>Inter</strong></span> <span class='ocrx_word' id='word_1_18' title='bbox 1491 300 1510 341; x_wconf 86' lang='lat'>1</span> <span class='ocrx_word' id='word_1_19' title='bbox 1547 305 1587 341; x_wconf 91' lang='lat' dir='ltr'><strong>et</strong></span> <span class='ocrx_word' id='word_1_20' title='bbox 1615 300 1644 341; x_wconf 99' lang='grc'>2</span> <span class='ocrx_word' id='word_1_21' title='bbox 1679 306 1815 342; x_wconf 89' lang='lat' dir='ltr'><strong>tamen</strong></span> <span class='ocrx_word' id='word_1_22' title='bbox 1849 302 1990 343; x_wconf 90' lang='lat' dir='ltr'><strong>nullus</strong></span> <span class='ocrx_word' id='word_1_23' title='bbox 2027 308 2087 344; x_wconf 85' lang='lat' dir='ltr'><strong>est</strong></span> <span class='ocrx_word' id='word_1_24' title='bbox 2122 304 2164 345; x_wconf 92' lang='lat' dir='ltr'><strong>in</strong></span> <span class='ocrx_word' id='word_1_25' title='bbox 2191 318 2294 355; x_wconf 86' lang='lat' dir='ltr'><strong>usu;</strong></span> <span class='ocrx_word' id='word_1_26' title='bbox 2330 306 2437 348; x_wconf 88' lang='lat' dir='ltr'><strong>inter</strong></span> <span class='ocrx_word' id='word_1_27' title='bbox 2471 306 2511 360; x_wconf 82' lang='lat'><strong>2)</strong></span> <span class='ocrx_word' id='word_1_28' title='bbox 2542 320 2561 348; x_wconf 83' lang='grc' dir='ltr'>ο</span> <span class='ocrx_word' id='word_1_29' title='bbox 2590 308 2781 349; x_wconf 82' lang='lat' dir='ltr'><strong>masculi·</strong></span> 
     </span>
     <span class='ocr_line' id='line_1_4' title="bbox 32 376 2780 446; baseline 0.002 -19"><span class='ocrx_word' id='word_1_30' title='bbox 32 376 39 388; x_wconf 42' lang='lat'><em>*</em></span> <span class='ocrx_word' id='word_1_31' title='bbox 64 393 200 435; x_wconf 55' lang='lat' dir='ltr'><strong>mum,</strong></span> <span class='ocrx_word' id='word_1_32' title='bbox 231 391 272 427; x_wconf 91' lang='lat' dir='ltr'><strong>et</strong></span> <span class='ocrx_word' id='word_1_33' title='bbox 301 386 342 437; x_wconf 83' lang='lat'><strong>3)</strong></span> <span class='ocrx_word' id='word_1_34' title='bbox 370 386 388 425; x_wconf 68' lang='lat' dir='ltr'><strong>z·</strong></span> <span class='ocrx_word' id='word_1_35' title='bbox 413 388 582 425; x_wconf 90' lang='lat' dir='ltr'><strong>acutum</strong></span> <span class='ocrx_word' id='word_1_36' title='bbox 609 383 784 423; x_wconf 84' lang='lat' dir='ltr'><strong>maxime</strong></span> <span class='ocrx_word' id='word_1_37' title='bbox 813 382 854 422; x_wconf 94' lang='lat' dir='ltr'><strong>in</strong></span> <span class='ocrx_word' id='word_1_38' title='bbox 885 396 963 423; x_wconf 88' lang='lat' dir='ltr'><strong>usu</strong></span> <span class='ocrx_word' id='word_1_39' title='bbox 993 389 1055 424; x_wconf 87' lang='lat' dir='ltr'><strong>est</strong></span> <span class='ocrx_word' id='word_1_40' title='bbox 1083 384 1262 432; x_wconf 91' lang='lat' dir='ltr'><strong>medius,</strong></span> <span class='ocrx_word' id='word_1_41' title='bbox 1291 396 1439 437; x_wconf 82' lang='lat' dir='ltr'>nempe</span> <span class='ocrx_word' id='word_1_42' title='bbox 1468 386 1486 424; x_wconf 77' lang='lat' dir='ltr'><strong>i</strong></span> <span class='ocrx_word' id='word_1_43' title='bbox 1512 384 1722 434; x_wconf 87' lang='lat' dir='ltr'><strong>obtusum,</strong></span> <span class='ocrx_word' id='word_1_44' title='bbox 1760 391 1806 427; x_wconf 87' lang='lat' dir='ltr'><strong>ut</strong></span> <span class='ocrx_word' id='word_1_45' title='bbox 1830 386 1871 427; x_wconf 92' lang='lat' dir='ltr'><strong>in</strong></span> <span class='ocrx_word' id='word_1_46' title='bbox 1907 387 2157 430; x_wconf 90' lang='lat' dir='ltr'><strong>Germanicis</strong></span> <span class='ocrx_word' id='word_1_47' title='bbox 2185 391 2289 439; x_wconf 79' lang='lat' dir='ltr'><strong>dich,</strong></span> <span class='ocrx_word' id='word_1_48' title='bbox 2317 393 2460 432; x_wconf 73' lang='lat' dir='ltr'><strong>richron</strong></span> <span class='ocrx_word' id='word_1_49' title='bbox 2489 381 2581 446; x_wconf 48' lang='lat' dir='ltr'><strong>etcs</strong></span> <span class='ocrx_word' id='word_1_50' title='bbox 2624 393 2780 434; x_wconf 89' lang='lat' dir='ltr'><strong>Eodem</strong></span> 
     </span>
     <span class='ocr_line' id='line_1_5' title="bbox 64 467 2781 532; baseline 0.001 -18"><span class='ocrx_word' id='word_1_51' title='bbox 64 472 205 527; x_wconf 42' lang='lat' dir='ltr'><strong>,modo</strong></span> <span class='ocrx_word' id='word_1_52' title='bbox 234 471 438 526; x_wconf 87' lang='lat' dir='ltr'><strong>prodeunt</strong></span> <span class='ocrx_word' id='word_1_53' title='bbox 472 476 556 510; x_wconf 85' lang='lat' dir='ltr'><strong>tres</strong></span> <span class='ocrx_word' id='word_1_54' title='bbox 590 468 754 508; x_wconf 87' lang='lat' dir='ltr'><strong>vocales</strong></span> <span class='ocrx_word' id='word_1_55' title='bbox 790 467 973 521; x_wconf 80' lang='lat' dir='ltr'><strong>primarii</strong></span> <span class='ocrx_word' id='word_1_56' title='bbox 1009 468 1152 509; x_wconf 87' lang='lat' dir='ltr'><strong>classis</strong></span> <span class='ocrx_word' id='word_1_57' title='bbox 1185 469 1409 513; x_wconf 84' lang='lat' dir='ltr'><strong>secundae,</strong></span> <span class='ocrx_word' id='word_1_58' title='bbox 1448 483 1643 510; x_wconf 87' lang='lat' dir='ltr'><strong>sonorum</strong></span> <span class='ocrx_word' id='word_1_59' title='bbox 1679 471 1938 512; x_wconf 84' lang='lat' dir='ltr'><strong>crassiorum.</strong></span> <span class='ocrx_word' id='word_1_60' title='bbox 1997 472 2038 513; x_wconf 90' lang='lat' dir='ltr'><strong>Si</strong></span> <span class='ocrx_word' id='word_1_61' title='bbox 2074 473 2225 516; x_wconf 79' lang='lat' dir='ltr'><strong>cavitas</strong></span> <span class='ocrx_word' id='word_1_62' title='bbox 2260 476 2342 518; x_wconf 88' lang='lat' dir='ltr'><strong>oris</strong></span> <span class='ocrx_word' id='word_1_63' title='bbox 2372 478 2552 519; x_wconf 86' lang='lat' dir='ltr'><strong>anterior</strong></span> <span class='ocrx_word' id='word_1_64' title='bbox 2586 482 2781 532; x_wconf 87' lang='lat' dir='ltr'><strong>quantum</strong></span> 
     </span>
    </p>
   </div>
   <div class='ocr_carea' id='block_1_2' title="bbox 38 538 2784 610">
    <p class='ocr_par' dir='ltr' id='par_1_2' title="bbox 38 538 2784 610">
     <span class='ocr_line' id='line_1_6' title="bbox 38 538 2784 610; baseline 0.002 -13.057"><span class='ocrx_word' id='word_1_65' title='bbox 38 538 172 600; x_wconf 60' lang='lat' dir='ltr'><strong>{fleri</strong></span> <span class='ocrx_word' id='word_1_66' title='bbox 201 561 334 610; x_wconf 85' lang='lat' dir='ltr'><strong>potest</strong></span> <span class='ocrx_word' id='word_1_67' title='bbox 362 555 625 601; x_wconf 78' lang='lat' dir='ltr'><strong>extendatur,</strong></span> <span class='ocrx_word' id='word_1_68' title='bbox 657 552 788 594; x_wconf 88' lang='lat' dir='ltr'><strong>oritur</strong></span> <span class='ocrx_word' id='word_1_69' title='bbox 817 552 971 593; x_wconf 90' lang='lat' dir='ltr'><strong>vocalis</strong></span> <span class='ocrx_word' id='word_1_70' title='bbox 1000 566 1042 601; x_wconf 87' lang='lat' dir='ltr'><strong>a,</strong></span> <span class='ocrx_word' id='word_1_71' title='bbox 1077 552 1246 606; x_wconf 89' lang='lat' dir='ltr'><strong>planum</strong></span> <span class='ocrx_word' id='word_1_72' title='bbox 1276 559 1484 606; x_wconf 89' lang='lat' dir='ltr'><strong>apertum,</strong></span> <span class='ocrx_word' id='word_1_73' title='bbox 1521 554 1723 595; x_wconf 78' lang='lat' dir='ltr'><strong>Hebraeis</strong></span> <span class='ocrx_word' id='word_1_74' title='bbox 1753 554 1788 599; x_wconf 65' lang='lat'>8</span> <span class='ocrx_word' id='word_1_75' title='bbox 1818 557 1983 609; x_wconf 88' lang='lat' dir='ltr'><strong>patach‚</strong></span> <span class='ocrx_word' id='word_1_76' title='bbox 2004 539 2139 607; x_wconf 46' lang='lat' dir='ltr'><strong>&#39;mata</strong></span> <span class='ocrx_word' id='word_1_77' title='bbox 2170 568 2258 600; x_wconf 80' lang='lat' dir='ltr'><strong>matt</strong></span> <span class='ocrx_word' id='word_1_78' title='bbox 2286 561 2508 603; x_wconf 88' lang='lat' dir='ltr'><strong>Germanis.</strong></span> <span class='ocrx_word' id='word_1_79' title='bbox 2564 562 2606 603; x_wconf 91' lang='lat' dir='ltr'><strong>Si</strong></span> <span class='ocrx_word' id='word_1_80' title='bbox 2636 563 2784 604; x_wconf 77' lang='lat' dir='ltr'><strong>eadem</strong></span> 
     </span>
    </p>
   </div>
   <div class='ocr_carea' id='block_1_3' title="bbox 62 607 2778 717">
    <p class='ocr_par' dir='ltr' id='par_1_3' title="bbox 62 607 2778 717">
     <span class='ocr_line' id='line_1_7' title="bbox 62 607 2778 717; baseline 0.001 -34"><span class='ocrx_word' id='word_1_81' title='bbox 62 607 260 717; x_wconf 59' lang='lat' dir='ltr'><strong>{anterior</strong></span> <span class='ocrx_word' id='word_1_82' title='bbox 285 639 368 681; x_wconf 86' lang='lat' dir='ltr'><strong>oris</strong></span> <span class='ocrx_word' id='word_1_83' title='bbox 388 651 485 693; x_wconf 88' lang='lat' dir='ltr'><strong>pars</strong></span> <span class='ocrx_word' id='word_1_84' title='bbox 510 638 684 678; x_wconf 87' lang='lat' dir='ltr'><strong>maxime</strong></span> <span class='ocrx_word' id='word_1_85' title='bbox 713 637 968 678; x_wconf 87' lang='lat' dir='ltr'><strong>contrahitur</strong></span> <span class='ocrx_word' id='word_1_86' title='bbox 997 644 1039 678; x_wconf 93' lang='lat' dir='ltr'><strong>et</strong></span> <span class='ocrx_word' id='word_1_87' title='bbox 1068 637 1175 678; x_wconf 87' lang='lat' dir='ltr'><strong>labia</strong></span> <span class='ocrx_word' id='word_1_88' title='bbox 1203 638 1522 691; x_wconf 89' lang='lat' dir='ltr'><strong>protenduntur,</strong></span> <span class='ocrx_word' id='word_1_89' title='bbox 1552 639 1745 681; x_wconf 88' lang='lat' dir='ltr'><strong>audietur</strong></span> <span class='ocrx_word' id='word_1_90' title='bbox 1771 640 1926 682; x_wconf 87' lang='lat' dir='ltr'><strong>vocalis</strong></span> <span class='ocrx_word' id='word_1_91' title='bbox 1954 656 1982 682; x_wconf 80' lang='lat' dir='ltr'><strong><em>u</em></strong></span> <span class='ocrx_word' id='word_1_92' title='bbox 2011 648 2197 693; x_wconf 90' lang='lat' dir='ltr'><strong>acutum,</strong></span> <span class='ocrx_word' id='word_1_93' title='bbox 2227 649 2272 686; x_wconf 89' lang='lat' dir='ltr'><strong>ut</strong></span> <span class='ocrx_word' id='word_1_94' title='bbox 2299 646 2340 686; x_wconf 88' lang='lat' dir='ltr'><strong>in</strong></span> <span class='ocrx_word' id='word_1_95' title='bbox 2362 646 2562 689; x_wconf 90' lang='lat' dir='ltr'><strong>Germano</strong></span> <span class='ocrx_word' id='word_1_96' title='bbox 2595 648 2685 689; x_wconf 70' lang='lat' dir='ltr'><strong>Ulcr.</strong></span> <span class='ocrx_word' id='word_1_97' title='bbox 2737 647 2778 688; x_wconf 90' lang='lat' dir='ltr'><strong>Si</strong></span> 
     </span>
    </p>
   </div>
   <div class='ocr_carea' id='block_1_4' title="bbox 39 689 2780 987">
    <p class='ocr_par' dir='ltr' id='par_1_4' title="bbox 39 689 2780 987">
     <span class='ocr_line' id='line_1_8' title="bbox 39 689 2780 800; baseline 0.003 -33"><span class='ocrx_word' id='word_1_98' title='bbox 39 689 223 800; x_wconf 40' lang='lat' dir='ltr'><strong>{landem</strong></span> <span class='ocrx_word' id='word_1_99' title='bbox 251 726 407 766; x_wconf 80' lang='lat' dir='ltr'><strong>cavitas</strong></span> <span class='ocrx_word' id='word_1_100' title='bbox 436 723 619 764; x_wconf 88' lang='lat' dir='ltr'><strong>anterior</strong></span> <span class='ocrx_word' id='word_1_101' title='bbox 647 722 688 762; x_wconf 93' lang='lat' dir='ltr'><strong>in</strong></span> <span class='ocrx_word' id='word_1_102' title='bbox 717 727 825 763; x_wconf 86' lang='lat' dir='ltr'><strong>statu</strong></span> <span class='ocrx_word' id='word_1_103' title='bbox 853 723 991 763; x_wconf 86' lang='lat' dir='ltr'><strong>medio</strong></span> <span class='ocrx_word' id='word_1_104' title='bbox 1022 722 1270 770; x_wconf 86' lang='lat' dir='ltr'><strong>collocetur,</strong></span> <span class='ocrx_word' id='word_1_105' title='bbox 1302 723 1556 777; x_wconf 82' lang='lat' dir='ltr'><strong>percipietur</strong></span> <span class='ocrx_word' id='word_1_106' title='bbox 1585 725 1738 766; x_wconf 86' lang='lat' dir='ltr'><strong>vocalis</strong></span> <span class='ocrx_word' id='word_1_107' title='bbox 1767 740 1801 765; x_wconf 91' lang='grc' dir='ltr'><strong>ο.</strong></span> <span class='ocrx_word' id='word_1_108' title='bbox 1852 726 1952 768; x_wconf 87' lang='lat' dir='ltr'><strong>Sunt</strong></span> <span class='ocrx_word' id='word_1_109' title='bbox 1981 740 2078 782; x_wconf 85' lang='lat' dir='ltr'><strong>ergo</strong></span> <span class='ocrx_word' id='word_1_110' title='bbox 2106 734 2190 770; x_wconf 88' lang='lat' dir='ltr'><strong>tres</strong></span> <span class='ocrx_word' id='word_1_111' title='bbox 2209 731 2391 784; x_wconf 89' lang='lat' dir='ltr'><strong>primarii</strong></span> <span class='ocrx_word' id='word_1_112' title='bbox 2412 732 2617 773; x_wconf 88' lang='lat' dir='ltr'><strong>secundae</strong></span> <span class='ocrx_word' id='word_1_113' title='bbox 2638 732 2780 773; x_wconf 84' lang='lat' dir='ltr'><strong>classis</strong></span> 
     </span>
     <span class='ocr_line' id='line_1_9' title="bbox 40 803 2779 870; baseline 0.002 -18.052"><span class='ocrx_word' id='word_1_114' title='bbox 40 803 271 868; x_wconf 54' lang='lat' dir='ltr'><strong>&#39;soenorum</strong></span> <span class='ocrx_word' id='word_1_115' title='bbox 299 809 543 850; x_wconf 83' lang='lat' dir='ltr'><strong>crassiorum</strong></span> <span class='ocrx_word' id='word_1_116' title='bbox 572 807 633 848; x_wconf 91' lang='lat' dir='ltr'><strong>hi·</strong></span> <span class='ocrx_word' id='word_1_117' title='bbox 673 809 710 860; x_wconf 93' lang='grc'><strong>1)</strong></span> <span class='ocrx_word' id='word_1_118' title='bbox 741 820 765 848; x_wconf 88' lang='lat' dir='ltr'><strong>a</strong></span> <span class='ocrx_word' id='word_1_119' title='bbox 793 813 999 861; x_wconf 85' lang='lat' dir='ltr'><strong>apertum;</strong></span> <span class='ocrx_word' id='word_1_120' title='bbox 1035 807 1076 860; x_wconf 93' lang='grc'><strong>2)</strong></span> <span class='ocrx_word' id='word_1_121' title='bbox 1106 822 1128 846; x_wconf 91' lang='lat' dir='ltr'><strong>o</strong></span> <span class='ocrx_word' id='word_1_122' title='bbox 1157 812 1198 848; x_wconf 89' lang='lat' dir='ltr'><strong>et</strong></span> <span class='ocrx_word' id='word_1_123' title='bbox 1235 809 1274 857; x_wconf 88' lang='grc'><strong>3)</strong></span> <span class='ocrx_word' id='word_1_124' title='bbox 1304 822 1332 848; x_wconf 82' lang='grc' dir='ltr'><strong>ιι</strong></span> <span class='ocrx_word' id='word_1_125' title='bbox 1358 813 1537 848; x_wconf 89' lang='lat' dir='ltr'><strong>acutum.</strong></span> <span class='ocrx_word' id='word_1_126' title='bbox 1590 809 1753 850; x_wconf 87' lang='lat' dir='ltr'><strong>Horum</strong></span> <span class='ocrx_word' id='word_1_127' title='bbox 1789 810 1895 851; x_wconf 91' lang='lat' dir='ltr'><strong>inter</strong></span> <span class='ocrx_word' id='word_1_128' title='bbox 1931 814 1951 852; x_wconf 88' lang='lat'>1</span> <span class='ocrx_word' id='word_1_129' title='bbox 1988 816 2027 852; x_wconf 87' lang='lat' dir='ltr'><strong>et</strong></span> <span class='ocrx_word' id='word_1_130' title='bbox 2056 813 2084 853; x_wconf 93' lang='grc'>2</span> <span class='ocrx_word' id='word_1_131' title='bbox 2119 814 2272 856; x_wconf 90' lang='lat' dir='ltr'><strong>vocalis</strong></span> <span class='ocrx_word' id='word_1_132' title='bbox 2306 815 2493 857; x_wconf 86' lang='lat' dir='ltr'><strong>medius</strong></span> <span class='ocrx_word' id='word_1_133' title='bbox 2502 822 2727 870; x_wconf 85' lang='lat' dir='ltr'><strong>usurpatur</strong></span> <span class='ocrx_word' id='word_1_134' title='bbox 2754 831 2779 857; x_wconf 85' lang='grc' dir='ltr'><strong><em>α</em></strong></span> 
     </span>
     <span class='ocr_line' id='line_1_10' title="bbox 40 875 2777 987; baseline 0.001 -47"><span class='ocrx_word' id='word_1_135' title='bbox 40 875 270 987; x_wconf 42' lang='grc' dir='ltr'><strong>Ιτξέιώίιιειιιιι</strong></span> <span class='ocrx_word' id='word_1_136' title='bbox 298 900 344 936; x_wconf 88' lang='lat' dir='ltr'><strong>ut</strong></span> <span class='ocrx_word' id='word_1_137' title='bbox 371 895 412 935; x_wconf 90' lang='lat' dir='ltr'><strong>in</strong></span> <span class='ocrx_word' id='word_1_138' title='bbox 443 907 635 949; x_wconf 88' lang='lat' dir='ltr'><strong>germano</strong></span> <span class='ocrx_word' id='word_1_139' title='bbox 664 893 774 935; x_wconf 81' lang='lat' dir='ltr'><strong>Grad</strong></span> <span class='ocrx_word' id='word_1_140' title='bbox 806 898 845 933; x_wconf 91' lang='lat' dir='ltr'><strong>et</strong></span> <span class='ocrx_word' id='word_1_141' title='bbox 874 892 961 933; x_wconf 85' lang='lat' dir='ltr'><strong>fere</strong></span> <span class='ocrx_word' id='word_1_142' title='bbox 997 906 1117 933; x_wconf 90' lang='lat' dir='ltr'><strong>omne</strong></span> <span class='ocrx_word' id='word_1_143' title='bbox 1147 905 1189 939; x_wconf 85' lang='lat' dir='ltr'><strong>a,</strong></span> <span class='ocrx_word' id='word_1_144' title='bbox 1224 897 1348 946; x_wconf 90' lang='lat' dir='ltr'><strong>prout</strong></span> <span class='ocrx_word' id='word_1_145' title='bbox 1381 906 1405 934; x_wconf 92' lang='lat' dir='ltr'><strong>a</strong></span> <span class='ocrx_word' id='word_1_146' title='bbox 1440 893 1583 934; x_wconf 91' lang='lat' dir='ltr'><strong>Suevis</strong></span> <span class='ocrx_word' id='word_1_147' title='bbox 1613 899 1654 935; x_wconf 88' lang='lat' dir='ltr'><strong>et</strong></span> <span class='ocrx_word' id='word_1_148' title='bbox 1682 895 1847 937; x_wconf 88' lang='lat' dir='ltr'><strong>Bavaris</strong></span> <span class='ocrx_word' id='word_1_149' title='bbox 1876 898 2182 950; x_wconf 87' lang='lat' dir='ltr'><strong>pronunciatur.</strong></span> <span class='ocrx_word' id='word_1_150' title='bbox 2243 899 2441 941; x_wconf 86' lang='lat' dir='ltr'><strong>Hebraeis</strong></span> <span class='ocrx_word' id='word_1_151' title='bbox 2469 907 2532 943; x_wconf 90' lang='lat' dir='ltr'><strong>est</strong></span> <span class='ocrx_word' id='word_1_152' title='bbox 2560 914 2584 941; x_wconf 87' lang='lat' dir='ltr'><strong>a</strong></span> <span class='ocrx_word' id='word_1_153' title='bbox 2612 901 2777 955; x_wconf 86' lang='lat' dir='ltr'><strong>longum</strong></span> 
     </span>
    </p>
   </div>
   <div class='ocr_carea' id='block_1_5' title="bbox 41 937 2777 1076">
    <p class='ocr_par' dir='ltr' id='par_1_5' title="bbox 41 937 2777 1076">
     <span class='ocr_line' id='line_1_11' title="bbox 41 937 2777 1076; baseline 0.002 -53.035"><span class='ocrx_word' id='word_1_154' title='bbox 41 937 305 1076; x_wconf 45' lang='lat' dir='ltr'><strong>ffamets</strong></span> <span class='ocrx_word' id='word_1_155' title='bbox 276 979 333 1028; x_wconf 63' lang='lat'><strong>8.</strong></span> <span class='ocrx_word' id='word_1_156' title='bbox 391 980 503 1021; x_wconf 88' lang='lat' dir='ltr'><strong>Inter</strong></span> <span class='ocrx_word' id='word_1_157' title='bbox 530 993 552 1019; x_wconf 92' lang='grc' dir='ltr'>ο</span> <span class='ocrx_word' id='word_1_158' title='bbox 589 985 630 1019; x_wconf 90' lang='lat' dir='ltr'><strong>et</strong></span> <span class='ocrx_word' id='word_1_159' title='bbox 665 993 692 1019; x_wconf 80' lang='lat' dir='ltr'><strong>u</strong></span> <span class='ocrx_word' id='word_1_160' title='bbox 729 992 808 1019; x_wconf 91' lang='lat' dir='ltr'><strong>usu</strong></span> <span class='ocrx_word' id='word_1_161' title='bbox 837 978 950 1019; x_wconf 89' lang='lat' dir='ltr'><strong>venit</strong></span> <span class='ocrx_word' id='word_1_162' title='bbox 985 978 1144 1019; x_wconf 88' lang='lat' dir='ltr'><strong>medius</strong></span> <span class='ocrx_word' id='word_1_163' title='bbox 1173 979 1327 1019; x_wconf 90' lang='lat' dir='ltr'><strong>vocalis</strong></span> <span class='ocrx_word' id='word_1_164' title='bbox 1361 993 1389 1019; x_wconf 79' lang='lat' dir='ltr'><em>u</em></span> <span class='ocrx_word' id='word_1_165' title='bbox 1418 979 1609 1020; x_wconf 90' lang='lat' dir='ltr'><strong>obtusum</strong></span> <span class='ocrx_word' id='word_1_166' title='bbox 1648 986 1693 1021; x_wconf 92' lang='lat' dir='ltr'><strong>ut</strong></span> <span class='ocrx_word' id='word_1_167' title='bbox 1727 981 1768 1021; x_wconf 90' lang='lat' dir='ltr'><strong>in</strong></span> <span class='ocrx_word' id='word_1_168' title='bbox 1807 982 2017 1023; x_wconf 89' lang='lat' dir='ltr'><strong>Germanis</strong></span> <span class='ocrx_word' id='word_1_169' title='bbox 2047 985 2197 1032; x_wconf 67' lang='lat' dir='ltr'><strong>Brucla,</strong></span> <span class='ocrx_word' id='word_1_170' title='bbox 2230 983 2343 1025; x_wconf 69' lang='lat' dir='ltr'><strong>smel:</strong></span> <span class='ocrx_word' id='word_1_171' title='bbox 2373 990 2452 1026; x_wconf 85' lang='lat' dir='ltr'><strong>etc.</strong></span> <span class='ocrx_word' id='word_1_172' title='bbox 2510 986 2666 1028; x_wconf 88' lang='lat' dir='ltr'><strong>Dantur</strong></span> <span class='ocrx_word' id='word_1_173' title='bbox 2694 987 2777 1041; x_wconf 86' lang='lat' dir='ltr'><strong>jam</strong></span> 
     </span>
    </p>
   </div>
   <div class='ocr_carea' id='block_1_6' title="bbox 121 1055 2778 1121">
    <p class='ocr_par' dir='ltr' id='par_1_6' title="bbox 121 1055 2778 1121">
     <span class='ocr_line' id='line_1_12' title="bbox 121 1055 2778 1121; baseline 0.002 -14"><span class='ocrx_word' id='word_1_174' title='bbox 121 1068 132 1077; x_wconf 87' lang='lat'>&#39;</span> <span class='ocrx_word' id='word_1_175' title='bbox 159 1081 199 1108; x_wconf 93' lang='lat' dir='ltr'><strong>m</strong></span> <span class='ocrx_word' id='word_1_176' title='bbox 227 1065 315 1107; x_wconf 91' lang='lat' dir='ltr'><strong>soni</strong></span> <span class='ocrx_word' id='word_1_177' title='bbox 346 1064 579 1106; x_wconf 88' lang='lat' dir='ltr'><strong>intermedii</strong></span> <span class='ocrx_word' id='word_1_178' title='bbox 609 1064 717 1104; x_wconf 89' lang='lat' dir='ltr'><strong>inter</strong></span> <span class='ocrx_word' id='word_1_179' title='bbox 749 1063 914 1104; x_wconf 89' lang='lat' dir='ltr'><strong>vocales</strong></span> <span class='ocrx_word' id='word_1_180' title='bbox 945 1064 1159 1117; x_wconf 88' lang='lat' dir='ltr'><strong>utriusque</strong></span> <span class='ocrx_word' id='word_1_181' title='bbox 1191 1064 1356 1112; x_wconf 82' lang='lat' dir='ltr'><strong>classis,</strong></span> <span class='ocrx_word' id='word_1_182' title='bbox 1383 1076 1476 1105; x_wconf 82' lang='lat' dir='ltr'><strong>eum</strong></span> <span class='ocrx_word' id='word_1_183' title='bbox 1505 1065 1664 1106; x_wconf 77' lang='lat' dir='ltr'><strong>scilicet</strong></span> <span class='ocrx_word' id='word_1_184' title='bbox 1693 1079 1787 1119; x_wconf 88' lang='lat' dir='ltr'><strong>pars</strong></span> <span class='ocrx_word' id='word_1_185' title='bbox 1816 1067 1898 1107; x_wconf 90' lang='lat' dir='ltr'><strong>oris</strong></span> <span class='ocrx_word' id='word_1_186' title='bbox 1927 1055 2132 1121; x_wconf 84' lang='lat' dir='ltr'><strong>posterior</strong></span> <span class='ocrx_word' id='word_1_187' title='bbox 2167 1069 2346 1110; x_wconf 89' lang='lat' dir='ltr'><strong>medium</strong></span> <span class='ocrx_word' id='word_1_188' title='bbox 2377 1075 2488 1111; x_wconf 90' lang='lat' dir='ltr'><strong>tenet</strong></span> <span class='ocrx_word' id='word_1_189' title='bbox 2517 1071 2622 1112; x_wconf 89' lang='lat' dir='ltr'><strong>inter</strong></span> <span class='ocrx_word' id='word_1_190' title='bbox 2650 1072 2778 1113; x_wconf 85' lang='lat' dir='ltr'><strong>maxi-</strong></span> 
     </span>
    </p>
   </div>
   <div class='ocr_carea' id='block_1_7' title="bbox 58 1121 131 1544">
    <p class='ocr_par' dir='ltr' id='par_1_7' title="bbox 58 1121 131 1544">
     <span class='ocr_line' id='line_1_13' title="bbox 60 1121 119 1322; baseline 0 0"><span class='ocrx_word' id='word_1_191' title='bbox 60 1121 119 1322; x_wconf 95' lang='lat' dir='ltr'><strong>  </strong></span> 
     </span>
     <span class='ocr_line' id='line_1_14' title="bbox 58 1322 131 1544; baseline 0 -66"><span class='ocrx_word' id='word_1_192' title='bbox 58 1322 131 1544; x_wconf 95' lang='lat' dir='ltr'><strong>   </strong></span> 
     </span>
    </p>
   </div>
   <div class='ocr_carea' id='block_1_8' title="bbox 72 1136 2778 1380">
    <p class='ocr_par' dir='ltr' id='par_1_8' title="bbox 72 1136 2778 1380">
     <span class='ocr_line' id='line_1_15' title="bbox 72 1136 2778 1208; baseline 0.002 -15"><span class='ocrx_word' id='word_1_193' title='bbox 72 1136 81 1163; x_wconf 25' lang='grc' dir='ltr'>Γ</span> <span class='ocrx_word' id='word_1_194' title='bbox 121 1166 186 1194; x_wconf 87' lang='lat' dir='ltr'><strong>am</strong></span> <span class='ocrx_word' id='word_1_195' title='bbox 215 1150 496 1192; x_wconf 80' lang='lat' dir='ltr'><strong>extensionem</strong></span> <span class='ocrx_word' id='word_1_196' title='bbox 527 1153 568 1189; x_wconf 88' lang='lat' dir='ltr'><strong>et</strong></span> <span class='ocrx_word' id='word_1_197' title='bbox 596 1149 928 1190; x_wconf 90' lang='lat' dir='ltr'><strong>contractionem.</strong></span> <span class='ocrx_word' id='word_1_198' title='bbox 989 1150 1044 1190; x_wconf 87' lang='lat' dir='ltr'><strong>Et·</strong></span> <span class='ocrx_word' id='word_1_199' title='bbox 1072 1149 1128 1190; x_wconf 87' lang='lat' dir='ltr'><strong>ita</strong></span> <span class='ocrx_word' id='word_1_200' title='bbox 1163 1149 1270 1190; x_wconf 88' lang='lat' dir='ltr'><strong>inter</strong></span> <span class='ocrx_word' id='word_1_201' title='bbox 1306 1150 1518 1203; x_wconf 89' lang='lat' dir='ltr'><strong>utriusque</strong></span> <span class='ocrx_word' id='word_1_202' title='bbox 1554 1151 1709 1204; x_wconf 90' lang='lat' dir='ltr'><strong>primos</strong></span> <span class='ocrx_word' id='word_1_203' title='bbox 1743 1165 1762 1191; x_wconf 81' lang='lat' dir='ltr'><strong>e</strong></span> <span class='ocrx_word' id='word_1_204' title='bbox 1796 1152 2036 1193; x_wconf 86' lang='lat' dir='ltr'><strong>femininum</strong></span> <span class='ocrx_word' id='word_1_205' title='bbox 2073 1161 2115 1194; x_wconf 88' lang='lat' dir='ltr'><strong>et</strong></span> <span class='ocrx_word' id='word_1_206' title='bbox 2150 1167 2175 1194; x_wconf 87' lang='lat' dir='ltr'><strong>a</strong></span> <span class='ocrx_word' id='word_1_207' title='bbox 2207 1155 2319 1208; x_wconf 88' lang='lat' dir='ltr'><strong>apud</strong></span> <span class='ocrx_word' id='word_1_208' title='bbox 2354 1155 2493 1196; x_wconf 86' lang='lat' dir='ltr'><strong>Gallos</strong></span> <span class='ocrx_word' id='word_1_209' title='bbox 2526 1156 2567 1196; x_wconf 87' lang='lat' dir='ltr'><strong>in</strong></span> <span class='ocrx_word' id='word_1_210' title='bbox 2602 1169 2679 1197; x_wconf 88' lang='lat' dir='ltr'><strong>usu</strong></span> <span class='ocrx_word' id='word_1_211' title='bbox 2717 1163 2778 1198; x_wconf 87' lang='lat' dir='ltr'><strong>est</strong></span> 
     </span>
     <span class='ocr_line' id='line_1_16' title="bbox 120 1216 2777 1292; baseline 0.002 -14"><span class='ocrx_word' id='word_1_212' title='bbox 120 1238 239 1279; x_wconf 82' lang='lat' dir='ltr'><strong>edius</strong></span> <span class='ocrx_word' id='word_1_213' title='bbox 273 1232 442 1290; x_wconf 64' lang='lat' dir='ltr'><strong>quidm</strong></span> <span class='ocrx_word' id='word_1_214' title='bbox 474 1232 652 1276; x_wconf 72' lang='lat' dir='ltr'><strong>crassior</strong></span> <span class='ocrx_word' id='word_1_215' title='bbox 688 1245 813 1287; x_wconf 78' lang='lat' dir='ltr'><strong>qnam</strong></span> <span class='ocrx_word' id='word_1_216' title='bbox 847 1246 867 1275; x_wconf 77' lang='grc' dir='ltr'><strong><em>ο</em></strong></span> <span class='ocrx_word' id='word_1_217' title='bbox 901 1238 1038 1275; x_wconf 73' lang='lat' dir='ltr'><strong>tamen</strong></span> <span class='ocrx_word' id='word_1_218' title='bbox 1071 1233 1264 1287; x_wconf 70' lang='lat' dir='ltr'><strong>gracilior</strong></span> <span class='ocrx_word' id='word_1_219' title='bbox 1297 1245 1423 1288; x_wconf 80' lang='lat' dir='ltr'><strong>quam</strong></span> <span class='ocrx_word' id='word_1_220' title='bbox 1454 1237 1498 1284; x_wconf 73' lang='lat' dir='ltr'><strong>a,</strong></span> <span class='ocrx_word' id='word_1_221' title='bbox 1535 1241 1583 1277; x_wconf 82' lang='lat' dir='ltr'><strong>nt</strong></span> <span class='ocrx_word' id='word_1_222' title='bbox 1620 1235 1663 1276; x_wconf 85' lang='lat' dir='ltr'><strong>in</strong></span> <span class='ocrx_word' id='word_1_223' title='bbox 1695 1237 1832 1278; x_wconf 77' lang='lat' dir='ltr'><strong>verbis</strong></span> <span class='ocrx_word' id='word_1_224' title='bbox 1867 1238 2093 1292; x_wconf 60' lang='lat' dir='ltr'><strong>infallibto,</strong></span> <span class='ocrx_word' id='word_1_225' title='bbox 2123 1240 2260 1292; x_wconf 71' lang='lat' dir='ltr'><strong>paine,</strong></span> <span class='ocrx_word' id='word_1_226' title='bbox 2297 1216 2374 1281; x_wconf 83' lang='lat' dir='ltr'><strong>nec</strong></span> <span class='ocrx_word' id='word_1_227' title='bbox 2409 1251 2493 1281; x_wconf 88' lang='lat' dir='ltr'><strong>non</strong></span> <span class='ocrx_word' id='word_1_228' title='bbox 2526 1238 2568 1282; x_wconf 83' lang='lat' dir='ltr'><strong>in</strong></span> <span class='ocrx_word' id='word_1_229' title='bbox 2598 1242 2673 1281; x_wconf 79' lang='lat' dir='ltr'><strong>Roi</strong></span> <span class='ocrx_word' id='word_1_230' title='bbox 2700 1247 2777 1282; x_wconf 87' lang='lat' dir='ltr'><strong>etc.</strong></span> 
     </span>
     <span class='ocr_line' id='line_1_17' title="bbox 123 1320 2778 1380; baseline 0.001 -16"><span class='ocrx_word' id='word_1_231' title='bbox 123 1329 188 1364; x_wconf 87' lang='lat' dir='ltr'><strong>ter</strong></span> <span class='ocrx_word' id='word_1_232' title='bbox 214 1322 432 1375; x_wconf 86' lang='lat' dir='ltr'><strong>utriusque</strong></span> <span class='ocrx_word' id='word_1_233' title='bbox 461 1320 603 1361; x_wconf 90' lang='lat' dir='ltr'><strong>classis</strong></span> <span class='ocrx_word' id='word_1_234' title='bbox 630 1320 836 1360; x_wconf 91' lang='lat' dir='ltr'><strong>secundos</strong></span> <span class='ocrx_word' id='word_1_235' title='bbox 866 1320 1031 1360; x_wconf 87' lang='lat' dir='ltr'><strong>vocales</strong></span> <span class='ocrx_word' id='word_1_236' title='bbox 1060 1334 1078 1360; x_wconf 72' lang='grc' dir='ltr'><em>ο</em></span> <span class='ocrx_word' id='word_1_237' title='bbox 1108 1332 1208 1361; x_wconf 71' lang='lat' dir='ltr'><strong>mas.</strong></span> <span class='ocrx_word' id='word_1_238' title='bbox 1238 1324 1280 1362; x_wconf 86' lang='lat' dir='ltr'><strong>et</strong></span> <span class='ocrx_word' id='word_1_239' title='bbox 1307 1334 1331 1359; x_wconf 91' lang='grc' dir='ltr'>ο</span> <span class='ocrx_word' id='word_1_240' title='bbox 1360 1321 1480 1362; x_wconf 83' lang='lat' dir='ltr'><strong>datur</strong></span> <span class='ocrx_word' id='word_1_241' title='bbox 1510 1321 1672 1362; x_wconf 82' lang='lat' dir='ltr'><strong>medius</strong></span> <span class='ocrx_word' id='word_1_242' title='bbox 1700 1335 1761 1370; x_wconf 79' lang='lat' dir='ltr'><strong>oo,</strong></span> <span class='ocrx_word' id='word_1_243' title='bbox 1789 1323 1900 1376; x_wconf 90' lang='lat' dir='ltr'><strong>apud</strong></span> <span class='ocrx_word' id='word_1_244' title='bbox 1920 1323 2142 1365; x_wconf 89' lang='lat' dir='ltr'><strong>Germanos</strong></span> <span class='ocrx_word' id='word_1_245' title='bbox 2172 1325 2344 1366; x_wconf 88' lang='lat' dir='ltr'><strong>usitatus</strong></span> <span class='ocrx_word' id='word_1_246' title='bbox 2374 1325 2415 1365; x_wconf 89' lang='lat' dir='ltr'><strong>in</strong></span> <span class='ocrx_word' id='word_1_247' title='bbox 2444 1325 2614 1366; x_wconf 88' lang='lat' dir='ltr'><strong>vocibus</strong></span> <span class='ocrx_word' id='word_1_248' title='bbox 2641 1327 2778 1380; x_wconf 75' lang='lat' dir='ltr'><strong>Ko‘niq,</strong></span> 
     </span>
    </p>
   </div>
   <div class='ocr_carea' id='block_1_9' title="bbox 82 1395 2778 1454">
    <p class='ocr_par' dir='ltr' id='par_1_9' title="bbox 82 1395 2778 1454">
     <span class='ocr_line' id='line_1_18' title="bbox 82 1395 2778 1454; baseline 0.001 -4"><span class='ocrx_word' id='word_1_249' title='bbox 82 1395 85 1398; x_wconf 17' lang='grc' dir='ltr'><strong><em>Δ</em></strong></span> <span class='ocrx_word' id='word_1_250' title='bbox 115 1409 235 1451; x_wconf 73' lang='lat' dir='ltr'><strong>”ulie-lt</strong></span> <span class='ocrx_word' id='word_1_251' title='bbox 265 1413 343 1448; x_wconf 90' lang='lat' dir='ltr'><strong>etc.</strong></span> <span class='ocrx_word' id='word_1_252' title='bbox 401 1406 512 1447; x_wconf 90' lang='lat' dir='ltr'><strong>Inter</strong></span> <span class='ocrx_word' id='word_1_253' title='bbox 545 1405 688 1447; x_wconf 88' lang='lat' dir='ltr'><strong>tertios</strong></span> <span class='ocrx_word' id='word_1_254' title='bbox 724 1407 742 1445; x_wconf 77' lang='lat' dir='ltr'><strong><em>i</em></strong></span> <span class='ocrx_word' id='word_1_255' title='bbox 775 1411 815 1446; x_wconf 87' lang='lat' dir='ltr'><strong>et</strong></span> <span class='ocrx_word' id='word_1_256' title='bbox 850 1420 878 1446; x_wconf 77' lang='lat' dir='ltr'><strong><em>u</em></strong></span> <span class='ocrx_word' id='word_1_257' title='bbox 906 1412 1049 1446; x_wconf 87' lang='lat' dir='ltr'><strong>acutos</strong></span> <span class='ocrx_word' id='word_1_258' title='bbox 1078 1406 1119 1445; x_wconf 90' lang='lat' dir='ltr'><strong>in</strong></span> <span class='ocrx_word' id='word_1_259' title='bbox 1153 1419 1229 1446; x_wconf 88' lang='lat' dir='ltr'><strong>usu</strong></span> <span class='ocrx_word' id='word_1_260' title='bbox 1261 1412 1323 1447; x_wconf 89' lang='lat' dir='ltr'><strong>est</strong></span> <span class='ocrx_word' id='word_1_261' title='bbox 1353 1407 1514 1447; x_wconf 89' lang='lat' dir='ltr'><strong>medius</strong></span> <span class='ocrx_word' id='word_1_262' title='bbox 1543 1410 1571 1446; x_wconf 68' lang='lat' dir='ltr'><strong>it</strong></span> <span class='ocrx_word' id='word_1_263' title='bbox 1598 1413 1776 1448; x_wconf 86' lang='lat' dir='ltr'><strong>acutum.</strong></span> <span class='ocrx_word' id='word_1_264' title='bbox 1836 1407 1920 1448; x_wconf 89' lang='lat' dir='ltr'><strong>Sub</strong></span> <span class='ocrx_word' id='word_1_265' title='bbox 1956 1408 2034 1450; x_wconf 88' lang='lat' dir='ltr'><strong>hoc</strong></span> <span class='ocrx_word' id='word_1_266' title='bbox 2069 1423 2170 1450; x_wconf 88' lang='lat' dir='ltr'><strong>sono</strong></span> <span class='ocrx_word' id='word_1_267' title='bbox 2200 1412 2411 1452; x_wconf 89' lang='lat' dir='ltr'><strong>enuntiant</strong></span> <span class='ocrx_word' id='word_1_268' title='bbox 2439 1411 2617 1453; x_wconf 84' lang='lat' dir='ltr'><strong>Helvetii</strong></span> <span class='ocrx_word' id='word_1_269' title='bbox 2651 1425 2697 1452; x_wconf 81' lang='lat' dir='ltr'><strong>eu</strong></span> <span class='ocrx_word' id='word_1_270' title='bbox 2733 1418 2778 1454; x_wconf 90' lang='lat' dir='ltr'><strong>ut</strong></span> 
     </span>
    </p>
   </div>
   <div class='ocr_carea' id='block_1_10' title="bbox 45 1577 2828 3705">
    <p class='ocr_par' dir='ltr' id='par_1_10' title="bbox 45 1577 2779 2847">
     <span class='ocr_line' id='line_1_19' title="bbox 45 1577 2778 1650; baseline 0.001 -18"><span class='ocrx_word' id='word_1_271' title='bbox 45 1588 73 1650; x_wconf 40' lang='lat' dir='ltr'><strong>ig</strong></span> <span class='ocrx_word' id='word_1_272' title='bbox 102 1591 256 1633; x_wconf 87' lang='lat' dir='ltr'><strong>edium</strong></span> <span class='ocrx_word' id='word_1_273' title='bbox 287 1594 315 1631; x_wconf 75' lang='lat' dir='ltr'><strong>ii</strong></span> <span class='ocrx_word' id='word_1_274' title='bbox 343 1590 535 1630; x_wconf 89' lang='lat' dir='ltr'><strong>obtusum</strong></span> <span class='ocrx_word' id='word_1_275' title='bbox 563 1588 604 1629; x_wconf 87' lang='lat' dir='ltr'><strong>in</strong></span> <span class='ocrx_word' id='word_1_276' title='bbox 634 1588 804 1629; x_wconf 87' lang='lat' dir='ltr'><strong>vocibus</strong></span> <span class='ocrx_word' id='word_1_277' title='bbox 833 1588 970 1629; x_wconf 82' lang='lat' dir='ltr'><strong>Germ.</strong></span> <span class='ocrx_word' id='word_1_278' title='bbox 1004 1577 1114 1635; x_wconf 56' lang='lat' dir='ltr'><strong>Unel,</strong></span> <span class='ocrx_word' id='word_1_279' title='bbox 1150 1590 1401 1642; x_wconf 67' lang='lat' dir='ltr'><strong>verleendiqen</strong></span> <span class='ocrx_word' id='word_1_280' title='bbox 1435 1595 1516 1630; x_wconf 90' lang='lat' dir='ltr'><strong>etc.</strong></span> <span class='ocrx_word' id='word_1_281' title='bbox 1572 1588 1787 1638; x_wconf 89' lang='lat' dir='ltr'><strong>Quomodo</strong></span> <span class='ocrx_word' id='word_1_282' title='bbox 1822 1589 1997 1631; x_wconf 89' lang='lat' dir='ltr'><strong>Vocales</strong></span> <span class='ocrx_word' id='word_1_283' title='bbox 2032 1591 2261 1632; x_wconf 86' lang='lat' dir='ltr'><strong>formentur</strong></span> <span class='ocrx_word' id='word_1_284' title='bbox 2297 1597 2338 1633; x_wconf 87' lang='lat' dir='ltr'><strong>et</strong></span> <span class='ocrx_word' id='word_1_285' title='bbox 2372 1605 2451 1646; x_wconf 91' lang='lat' dir='ltr'><strong>qua</strong></span> <span class='ocrx_word' id='word_1_286' title='bbox 2491 1592 2532 1632; x_wconf 88' lang='lat' dir='ltr'><strong>in</strong></span> <span class='ocrx_word' id='word_1_287' title='bbox 2566 1605 2612 1633; x_wconf 90' lang='lat' dir='ltr'><strong>re</strong></span> <span class='ocrx_word' id='word_1_288' title='bbox 2647 1594 2778 1647; x_wconf 89' lang='lat' dir='ltr'><strong>posita</strong></span> 
     </span>
     <span class='ocr_line' id='line_1_20' title="bbox 46 1674 2775 1729; baseline 0 -11"><span class='ocrx_word' id='word_1_289' title='bbox 46 1689 48 1725; x_wconf 37' lang='lat' dir='ltr'><strong>l</strong></span> <span class='ocrx_word' id='word_1_290' title='bbox 157 1687 300 1719; x_wconf 74' lang='lat' dir='ltr'><strong>eurum</strong></span> <span class='ocrx_word' id='word_1_291' title='bbox 330 1675 560 1717; x_wconf 53' lang='lat' dir='ltr'><strong>diffluentia</strong></span> <span class='ocrx_word' id='word_1_292' title='bbox 594 1674 823 1728; x_wconf 79' lang='lat' dir='ltr'><strong>expositum</strong></span> <span class='ocrx_word' id='word_1_293' title='bbox 859 1678 934 1715; x_wconf 79' lang='lat' dir='ltr'><strong>est.</strong></span> <span class='ocrx_word' id='word_1_294' title='bbox 992 1674 1235 1716; x_wconf 79' lang='lat' dir='ltr'><strong>Pet-venitur</strong></span> <span class='ocrx_word' id='word_1_295' title='bbox 1270 1688 1368 1729; x_wconf 82' lang='lat' dir='ltr'><strong>ergo</strong></span> <span class='ocrx_word' id='word_1_296' title='bbox 1401 1676 1452 1715; x_wconf 90' lang='lat' dir='ltr'><strong>ad</strong></span> <span class='ocrx_word' id='word_1_297' title='bbox 1489 1680 1757 1716; x_wconf 80' lang='lat' dir='ltr'><strong>consonantes</strong></span> <span class='ocrx_word' id='word_1_298' title='bbox 1792 1676 1862 1729; x_wconf 87' lang='lat' dir='ltr'><strong>qui</strong></span> <span class='ocrx_word' id='word_1_299' title='bbox 1896 1680 1992 1717; x_wconf 87' lang='lat' dir='ltr'><strong>sunt</strong></span> <span class='ocrx_word' id='word_1_300' title='bbox 2029 1675 2352 1718; x_wconf 83' lang='lat' dir='ltr'><strong>modificationes</strong></span> <span class='ocrx_word' id='word_1_301' title='bbox 2387 1684 2524 1719; x_wconf 89' lang='lat' dir='ltr'><strong>certae</strong></span> <span class='ocrx_word' id='word_1_302' title='bbox 2559 1678 2775 1727; x_wconf 83' lang='lat' dir='ltr'><strong>vocalium,</strong></span> 
     </span>
     <span class='ocr_line' id='line_1_21' title="bbox 46 1728 2777 1858; baseline 0 -53.003"><span class='ocrx_word' id='word_1_303' title='bbox 46 1728 146 1858; x_wconf 43' lang='grc' dir='ltr'><strong>Εἰ-</strong></span> <span class='ocrx_word' id='word_1_304' title='bbox 159 1776 228 1805; x_wconf 74' lang='grc' dir='ltr'>·ιιι</span> <span class='ocrx_word' id='word_1_305' title='bbox 261 1762 425 1803; x_wconf 74' lang='lat' dir='ltr'><strong>initiun-</strong></span> <span class='ocrx_word' id='word_1_306' title='bbox 453 1760 522 1802; x_wconf 86' lang='lat' dir='ltr'><strong>vel</strong></span> <span class='ocrx_word' id='word_1_307' title='bbox 554 1758 646 1802; x_wconf 80' lang='lat' dir='ltr'><strong>finis</strong></span> <span class='ocrx_word' id='word_1_308' title='bbox 682 1774 827 1802; x_wconf 81' lang='lat' dir='ltr'><strong>eorum</strong></span> <span class='ocrx_word' id='word_1_309' title='bbox 853 1759 1048 1803; x_wconf 80' lang='lat' dir='ltr'><strong>afficitur.</strong></span> <span class='ocrx_word' id='word_1_310' title='bbox 1107 1760 1241 1802; x_wconf 81' lang='lat' dir='ltr'><strong>Variis</strong></span> <span class='ocrx_word' id='word_1_311' title='bbox 1272 1761 1404 1801; x_wconf 88' lang='lat' dir='ltr'><strong>modis</strong></span> <span class='ocrx_word' id='word_1_312' title='bbox 1433 1761 1599 1802; x_wconf 78' lang='lat' dir='ltr'><strong>vocales</strong></span> <span class='ocrx_word' id='word_1_313' title='bbox 1627 1775 1728 1802; x_wconf 88' lang='lat' dir='ltr'><strong>sono</strong></span> <span class='ocrx_word' id='word_1_314' title='bbox 1759 1761 1952 1803; x_wconf 78' lang='lat' dir='ltr'><strong>inchoare</strong></span> <span class='ocrx_word' id='word_1_315' title='bbox 1981 1775 2218 1816; x_wconf 84' lang='lat' dir='ltr'><strong>possumus,</strong></span> <span class='ocrx_word' id='word_1_316' title='bbox 2256 1763 2378 1804; x_wconf 79' lang='lat' dir='ltr'><strong>variis</strong></span> <span class='ocrx_word' id='word_1_317' title='bbox 2412 1763 2510 1804; x_wconf 86' lang='lat' dir='ltr'><strong>item</strong></span> <span class='ocrx_word' id='word_1_318' title='bbox 2545 1777 2617 1806; x_wconf 90' lang='lat' dir='ltr'><strong>eos</strong></span> <span class='ocrx_word' id='word_1_319' title='bbox 2644 1762 2777 1813; x_wconf 87' lang='lat' dir='ltr'><strong>finire,</strong></span> 
     </span>
     <span class='ocr_line' id='line_1_22' title="bbox 46 1825 2779 1904; baseline 0 -14"><span class='ocrx_word' id='word_1_320' title='bbox 46 1825 50 1863; x_wconf 63' lang='grc' dir='ltr'>ι</span> <span class='ocrx_word' id='word_1_321' title='bbox 171 1848 260 1890; x_wconf 86' lang='lat' dir='ltr'><strong>fit</strong></span> <span class='ocrx_word' id='word_1_322' title='bbox 286 1853 335 1890; x_wconf 80' lang='lat' dir='ltr'><strong>nt</strong></span> <span class='ocrx_word' id='word_1_323' title='bbox 361 1847 464 1889; x_wconf 79' lang='lat' dir='ltr'><strong>varii</strong></span> <span class='ocrx_word' id='word_1_324' title='bbox 490 1848 575 1888; x_wconf 89' lang='lat' dir='ltr'><strong>sint</strong></span> <span class='ocrx_word' id='word_1_325' title='bbox 599 1852 882 1888; x_wconf 77' lang='lat' dir='ltr'><strong>consonantes.</strong></span> <span class='ocrx_word' id='word_1_326' title='bbox 943 1846 1107 1901; x_wconf 81' lang='lat' dir='ltr'><strong>Organa</strong></span> <span class='ocrx_word' id='word_1_327' title='bbox 1141 1846 1292 1900; x_wconf 87' lang='lat' dir='ltr'><strong>quibus</strong></span> <span class='ocrx_word' id='word_1_328' title='bbox 1322 1846 1389 1887; x_wconf 84' lang='lat' dir='ltr'><strong>vel</strong></span> <span class='ocrx_word' id='word_1_329' title='bbox 1423 1830 1537 1888; x_wconf 83' lang='lat' dir='ltr'><strong>initia</strong></span> <span class='ocrx_word' id='word_1_330' title='bbox 1572 1847 1639 1887; x_wconf 86' lang='lat' dir='ltr'><strong>vel</strong></span> <span class='ocrx_word' id='word_1_331' title='bbox 1672 1847 1775 1888; x_wconf 85' lang='lat' dir='ltr'><strong>fines</strong></span> <span class='ocrx_word' id='word_1_332' title='bbox 1809 1848 2014 1889; x_wconf 78' lang='lat' dir='ltr'><strong>vocalium</strong></span> <span class='ocrx_word' id='word_1_333' title='bbox 2051 1846 2286 1890; x_wconf 85' lang='lat' dir='ltr'><strong>afficiuntur</strong></span> <span class='ocrx_word' id='word_1_334' title='bbox 2318 1854 2412 1890; x_wconf 88' lang='lat' dir='ltr'><strong>sunt</strong></span> <span class='ocrx_word' id='word_1_335' title='bbox 2449 1850 2486 1902; x_wconf 89' lang='lat'><strong>1)</strong></span> <span class='ocrx_word' id='word_1_336' title='bbox 2516 1848 2668 1891; x_wconf 87' lang='lat' dir='ltr'><strong>halitus</strong></span> <span class='ocrx_word' id='word_1_337' title='bbox 2702 1863 2779 1904; x_wconf 81' lang='lat' dir='ltr'><strong>per</strong></span> 
     </span>
     <span class='ocr_line' id='line_1_23' title="bbox 48 1871 2777 1994; baseline 0.002 -22.009"><span class='ocrx_word' id='word_1_338' title='bbox 48 1871 148 1972; x_wconf 66' lang='lat' dir='ltr'><strong>i·</strong></span> <span class='ocrx_word' id='word_1_339' title='bbox 129 1960 144 1984; x_wconf 84' lang='lat'><strong>,</strong></span> <span class='ocrx_word' id='word_1_340' title='bbox 170 1934 213 1988; x_wconf 82' lang='grc'><strong>2)</strong></span> <span class='ocrx_word' id='word_1_341' title='bbox 243 1933 398 1976; x_wconf 81' lang='lat' dir='ltr'><strong>halitus</strong></span> <span class='ocrx_word' id='word_1_342' title='bbox 422 1945 501 1994; x_wconf 81' lang='lat' dir='ltr'><strong>per</strong></span> <span class='ocrx_word' id='word_1_343' title='bbox 525 1946 664 1982; x_wconf 78' lang='lat' dir='ltr'><strong>nares,</strong></span> <span class='ocrx_word' id='word_1_344' title='bbox 696 1935 734 1986; x_wconf 81' lang='lat'><strong>3)</strong></span> <span class='ocrx_word' id='word_1_345' title='bbox 765 1932 895 1980; x_wconf 72' lang='lat' dir='ltr'><strong>labia,</strong></span> <span class='ocrx_word' id='word_1_346' title='bbox 933 1934 974 1986; x_wconf 62' lang='lat' dir='ltr'><strong>b)</strong></span> <span class='ocrx_word' id='word_1_347' title='bbox 1002 1932 1144 1987; x_wconf 85' lang='lat' dir='ltr'><strong>lingua</strong></span> <span class='ocrx_word' id='word_1_348' title='bbox 1175 1938 1216 1975; x_wconf 89' lang='lat' dir='ltr'><strong>et</strong></span> <span class='ocrx_word' id='word_1_349' title='bbox 1244 1935 1282 1986; x_wconf 83' lang='lat'><strong>5)</strong></span> <span class='ocrx_word' id='word_1_350' title='bbox 1313 1933 1466 1974; x_wconf 80' lang='lat' dir='ltr'><strong>fauces.</strong></span> <span class='ocrx_word' id='word_1_351' title='bbox 1527 1932 1568 1973; x_wconf 90' lang='lat' dir='ltr'><strong>Si</strong></span> <span class='ocrx_word' id='word_1_352' title='bbox 1602 1932 1754 1974; x_wconf 83' lang='lat' dir='ltr'><strong>halitus</strong></span> <span class='ocrx_word' id='word_1_353' title='bbox 1792 1946 1870 1987; x_wconf 81' lang='lat' dir='ltr'><strong>per</strong></span> <span class='ocrx_word' id='word_1_354' title='bbox 1903 1947 1950 1975; x_wconf 89' lang='lat' dir='ltr'><strong>os</strong></span> <span class='ocrx_word' id='word_1_355' title='bbox 1987 1946 2137 1975; x_wconf 81' lang='lat' dir='ltr'><strong>sonum</strong></span> <span class='ocrx_word' id='word_1_356' title='bbox 2168 1934 2379 1988; x_wconf 84' lang='lat' dir='ltr'><strong>praecedit</strong></span> <span class='ocrx_word' id='word_1_357' title='bbox 2411 1934 2540 1975; x_wconf 81' lang='lat' dir='ltr'><strong>oritur</strong></span> <span class='ocrx_word' id='word_1_358' title='bbox 2573 1934 2710 1976; x_wconf 84' lang='lat' dir='ltr'><strong>littera</strong></span> <span class='ocrx_word' id='word_1_359' title='bbox 2739 1936 2777 1984; x_wconf 64' lang='lat' dir='ltr'><strong>l»,</strong></span> 
     </span>
     <span class='ocr_line' id='line_1_24' title="bbox 48 1992 2778 2074; baseline 0 -13"><span class='ocrx_word' id='word_1_360' title='bbox 48 1992 101 2054; x_wconf 27' lang='lat' dir='ltr'><strong>is·</strong></span> <span class='ocrx_word' id='word_1_361' title='bbox 138 2032 325 2061; x_wconf 77' lang='lat' dir='ltr'><strong>ecorum</strong></span> <span class='ocrx_word' id='word_1_362' title='bbox 350 2020 520 2074; x_wconf 78' lang='lat' dir='ltr'><strong>spiritus</strong></span> <span class='ocrx_word' id='word_1_363' title='bbox 548 2032 682 2074; x_wconf 74' lang='lat' dir='ltr'><strong>asper.</strong></span> <span class='ocrx_word' id='word_1_364' title='bbox 741 2019 783 2059; x_wconf 90' lang='lat' dir='ltr'><strong>Si</strong></span> <span class='ocrx_word' id='word_1_365' title='bbox 809 2028 958 2060; x_wconf 82' lang='lat' dir='ltr'><strong>sonum</strong></span> <span class='ocrx_word' id='word_1_366' title='bbox 987 2018 1193 2072; x_wconf 88' lang='lat' dir='ltr'><strong>sequitur,</strong></span> <span class='ocrx_word' id='word_1_367' title='bbox 1224 2018 1365 2060; x_wconf 87' lang='lat' dir='ltr'><strong>itidem</strong></span> <span class='ocrx_word' id='word_1_368' title='bbox 1394 2019 1512 2072; x_wconf 84' lang='lat' dir='ltr'><strong>signo</strong></span> <span class='ocrx_word' id='word_1_369' title='bbox 1541 2020 1567 2059; x_wconf 82' lang='grc' dir='ltr'><strong>Ιι</strong></span> <span class='ocrx_word' id='word_1_370' title='bbox 1594 2018 1812 2060; x_wconf 84' lang='lat' dir='ltr'><strong>indicatur.</strong></span> <span class='ocrx_word' id='word_1_371' title='bbox 1866 2019 1909 2060; x_wconf 88' lang='lat' dir='ltr'><strong>Si</strong></span> <span class='ocrx_word' id='word_1_372' title='bbox 1939 2019 2077 2074; x_wconf 80' lang='lat' dir='ltr'><strong>lingua</strong></span> <span class='ocrx_word' id='word_1_373' title='bbox 2109 2020 2166 2061; x_wconf 87' lang='lat' dir='ltr'><strong>ita</strong></span> <span class='ocrx_word' id='word_1_374' title='bbox 2193 2019 2418 2061; x_wconf 76' lang='lat' dir='ltr'><strong>collocetur</strong></span> <span class='ocrx_word' id='word_1_375' title='bbox 2448 2025 2495 2061; x_wconf 86' lang='lat' dir='ltr'><strong>ut</strong></span> <span class='ocrx_word' id='word_1_376' title='bbox 2525 2023 2598 2061; x_wconf 71' lang='lat' dir='ltr'><strong>aer</strong></span> <span class='ocrx_word' id='word_1_377' title='bbox 2637 2020 2778 2064; x_wconf 67' lang='lat' dir='ltr'><strong>exiens</strong></span> 
     </span>
     <span class='ocr_line' id='line_1_25' title="bbox 49 2083 2776 2191; baseline 0 -46"><span class='ocrx_word' id='word_1_378' title='bbox 49 2086 82 2191; x_wconf 59' lang='grc' dir='ltr'>ι</span> <span class='ocrx_word' id='word_1_379' title='bbox 143 2117 234 2151; x_wconf 70' lang='lat' dir='ltr'><strong>eam</strong></span> <span class='ocrx_word' id='word_1_380' title='bbox 262 2105 443 2146; x_wconf 81' lang='lat' dir='ltr'><strong>eundem</strong></span> <span class='ocrx_word' id='word_1_381' title='bbox 469 2105 565 2147; x_wconf 79' lang='lat' dir='ltr'><strong>edat</strong></span> <span class='ocrx_word' id='word_1_382' title='bbox 594 2105 787 2146; x_wconf 79' lang='lat' dir='ltr'><strong>effectum</strong></span> <span class='ocrx_word' id='word_1_383' title='bbox 815 2118 863 2146; x_wconf 83' lang='lat' dir='ltr'><strong>ac</strong></span> <span class='ocrx_word' id='word_1_384' title='bbox 893 2104 934 2146; x_wconf 85' lang='lat' dir='ltr'><strong>in</strong></span> <span class='ocrx_word' id='word_1_385' title='bbox 964 2104 1161 2159; x_wconf 85' lang='lat' dir='ltr'><strong>lingulam</strong></span> <span class='ocrx_word' id='word_1_386' title='bbox 1193 2105 1234 2145; x_wconf 88' lang='lat' dir='ltr'><strong>in</strong></span> <span class='ocrx_word' id='word_1_387' title='bbox 1264 2104 1544 2146; x_wconf 79' lang='lat' dir='ltr'><strong>instrumentis</strong></span> <span class='ocrx_word' id='word_1_388' title='bbox 1573 2104 1741 2158; x_wconf 83' lang='lat' dir='ltr'><strong>lingulis</strong></span> <span class='ocrx_word' id='word_1_389' title='bbox 1771 2104 1999 2154; x_wconf 85' lang='lat' dir='ltr'><strong>instructis,</strong></span> <span class='ocrx_word' id='word_1_390' title='bbox 2032 2105 2070 2146; x_wconf 85' lang='lat' dir='ltr'><strong>si</strong></span> <span class='ocrx_word' id='word_1_391' title='bbox 2097 2118 2246 2159; x_wconf 83' lang='lat' dir='ltr'><strong>nempe</strong></span> <span class='ocrx_word' id='word_1_392' title='bbox 2283 2105 2422 2159; x_wconf 87' lang='lat' dir='ltr'><strong>lingua</strong></span> <span class='ocrx_word' id='word_1_393' title='bbox 2454 2083 2572 2147; x_wconf 25' lang='lat' dir='ltr'><strong>&#39;motu</strong></span> <span class='ocrx_word' id='word_1_394' title='bbox 2598 2105 2776 2147; x_wconf 90' lang='lat' dir='ltr'><strong>tremulo</strong></span> 
     </span>
     <span class='ocr_line' id='line_1_26' title="bbox 49 2169 2778 2310; baseline 0 -77"><span class='ocrx_word' id='word_1_395' title='bbox 49 2169 70 2310; x_wconf 43' lang='lat'><strong>¹⁴</strong></span> <span class='ocrx_word' id='word_1_396' title='bbox 159 2205 185 2233; x_wconf 85' lang='lat' dir='ltr'><strong>c</strong></span> <span class='ocrx_word' id='word_1_397' title='bbox 215 2191 305 2233; x_wconf 66' lang='lat' dir='ltr'><strong>aeri</strong></span> <span class='ocrx_word' id='word_1_398' title='bbox 337 2191 550 2232; x_wconf 79' lang='lat' dir='ltr'><strong>transitum</strong></span> <span class='ocrx_word' id='word_1_399' title='bbox 585 2191 783 2245; x_wconf 81' lang='lat' dir='ltr'><strong>praebeat</strong></span> <span class='ocrx_word' id='word_1_400' title='bbox 818 2202 926 2232; x_wconf 91' lang='lat' dir='ltr'><strong>nunc</strong></span> <span class='ocrx_word' id='word_1_401' title='bbox 961 2190 1173 2239; x_wconf 73' lang='lat' dir='ltr'><strong>occludat,</strong></span> <span class='ocrx_word' id='word_1_402' title='bbox 1218 2191 1301 2232; x_wconf 84' lang='lat' dir='ltr'><strong>hoe</strong></span> <span class='ocrx_word' id='word_1_403' title='bbox 1333 2190 1368 2231; x_wconf 88' lang='lat' dir='ltr'><strong>si</strong></span> <span class='ocrx_word' id='word_1_404' title='bbox 1404 2203 1552 2231; x_wconf 85' lang='lat' dir='ltr'><strong>sonum</strong></span> <span class='ocrx_word' id='word_1_405' title='bbox 1585 2190 1819 2239; x_wconf 87' lang='lat' dir='ltr'><strong>comitetur,</strong></span> <span class='ocrx_word' id='word_1_406' title='bbox 1867 2191 1997 2231; x_wconf 83' lang='lat' dir='ltr'><strong>oritur</strong></span> <span class='ocrx_word' id='word_1_407' title='bbox 2030 2204 2257 2232; x_wconf 88' lang='lat' dir='ltr'><strong>consona-ns</strong></span> <span class='ocrx_word' id='word_1_408' title='bbox 2290 2205 2325 2232; x_wconf 86' lang='lat' dir='ltr'><strong>r.</strong></span> <span class='ocrx_word' id='word_1_409' title='bbox 2385 2191 2474 2232; x_wconf 91' lang='lat' dir='ltr'><strong>Hoc</strong></span> <span class='ocrx_word' id='word_1_410' title='bbox 2512 2192 2634 2233; x_wconf 86' lang='lat' dir='ltr'><strong>modo</strong></span> <span class='ocrx_word' id='word_1_411' title='bbox 2670 2190 2778 2233; x_wconf 78' lang='lat' dir='ltr'><strong>alius</strong></span> 
     </span>
     <span class='ocr_line' id='line_1_27' title="bbox 50 2258 2775 2332; baseline 0 -13"><span class='ocrx_word' id='word_1_412' title='bbox 50 2258 76 2290; x_wconf 12' lang='grc' dir='ltr'><strong>’Δ</strong></span> <span class='ocrx_word' id='word_1_413' title='bbox 166 2283 214 2319; x_wconf 57' lang='lat' dir='ltr'><strong>„t</strong></span> <span class='ocrx_word' id='word_1_414' title='bbox 239 2277 405 2319; x_wconf 68' lang='lat' dir='ltr'><strong>torm-ri</strong></span> <span class='ocrx_word' id='word_1_415' title='bbox 435 2287 682 2325; x_wconf 75' lang='lat' dir='ltr'><strong>commane,</strong></span> <span class='ocrx_word' id='word_1_416' title='bbox 712 2277 913 2332; x_wconf 81' lang='lat' dir='ltr'><strong>ejusmodi</strong></span> <span class='ocrx_word' id='word_1_417' title='bbox 946 2270 1100 2318; x_wconf 76' lang='lat' dir='ltr'><strong>motum</strong></span> <span class='ocrx_word' id='word_1_418' title='bbox 1131 2277 1355 2319; x_wconf 87' lang='lat' dir='ltr'><strong>tremulum</strong></span> <span class='ocrx_word' id='word_1_419' title='bbox 1386 2276 1506 2317; x_wconf 86' lang='lat' dir='ltr'><strong>labiis</strong></span> <span class='ocrx_word' id='word_1_420' title='bbox 1534 2276 1773 2329; x_wconf 63' lang='lat' dir='ltr'><strong>infligendo,</strong></span> <span class='ocrx_word' id='word_1_421' title='bbox 1804 2281 1847 2318; x_wconf 80' lang='lat' dir='ltr'><strong>ut</strong></span> <span class='ocrx_word' id='word_1_422' title='bbox 1874 2276 2107 2318; x_wconf 82' lang='lat' dir='ltr'><strong>alternatim</strong></span> <span class='ocrx_word' id='word_1_423' title='bbox 2136 2279 2276 2318; x_wconf 74' lang='lat' dir='ltr'><strong>aerem</strong></span> <span class='ocrx_word' id='word_1_424' title='bbox 2296 2276 2462 2318; x_wconf 86' lang='lat' dir='ltr'><strong>emitant</strong></span> <span class='ocrx_word' id='word_1_425' title='bbox 2486 2281 2527 2318; x_wconf 89' lang='lat' dir='ltr'><strong>et</strong></span> <span class='ocrx_word' id='word_1_426' title='bbox 2546 2276 2775 2326; x_wconf 79' lang='lat' dir='ltr'><strong>cohibeant,</strong></span> 
     </span>
     <span class='ocr_line' id='line_1_28' title="bbox 50 2329 2774 2421; baseline -0 -16"><span class='ocrx_word' id='word_1_427' title='bbox 50 2329 80 2421; x_wconf 35' lang='lat'><strong>³⁷</strong></span> <span class='ocrx_word' id='word_1_428' title='bbox 130 2384 137 2389; x_wconf 71' lang='lat'><em>,</em></span> <span class='ocrx_word' id='word_1_429' title='bbox 173 2369 311 2406; x_wconf 80' lang='lat' dir='ltr'><strong>autem</strong></span> <span class='ocrx_word' id='word_1_430' title='bbox 343 2362 590 2405; x_wconf 78' lang='lat' dir='ltr'><strong>modificatio</strong></span> <span class='ocrx_word' id='word_1_431' title='bbox 619 2363 662 2404; x_wconf 86' lang='lat' dir='ltr'><strong>in</strong></span> <span class='ocrx_word' id='word_1_432' title='bbox 696 2363 864 2417; x_wconf 87' lang='lat' dir='ltr'><strong>loquela</strong></span> <span class='ocrx_word' id='word_1_433' title='bbox 891 2363 1027 2412; x_wconf 87' lang='lat' dir='ltr'><strong>nulla,</strong></span> <span class='ocrx_word' id='word_1_434' title='bbox 1067 2368 1260 2416; x_wconf 88' lang='lat' dir='ltr'><strong>quantum</strong></span> <span class='ocrx_word' id='word_1_435' title='bbox 1288 2363 1393 2411; x_wconf 84' lang='lat' dir='ltr'><strong>scio,</strong></span> <span class='ocrx_word' id='word_1_436' title='bbox 1431 2363 1472 2403; x_wconf 91' lang='lat' dir='ltr'><strong>in</strong></span> <span class='ocrx_word' id='word_1_437' title='bbox 1501 2376 1577 2403; x_wconf 79' lang='lat' dir='ltr'><strong>usu</strong></span> <span class='ocrx_word' id='word_1_438' title='bbox 1611 2367 1685 2404; x_wconf 85' lang='lat' dir='ltr'><strong>est.</strong></span> <span class='ocrx_word' id='word_1_439' title='bbox 1744 2362 1911 2416; x_wconf 88' lang='lat' dir='ltr'><strong>Reliqui</strong></span> <span class='ocrx_word' id='word_1_440' title='bbox 1946 2367 2215 2403; x_wconf 84' lang='lat' dir='ltr'><strong>consonantes</strong></span> <span class='ocrx_word' id='word_1_441' title='bbox 2252 2368 2386 2403; x_wconf 88' lang='lat' dir='ltr'><strong>ortum</strong></span> <span class='ocrx_word' id='word_1_442' title='bbox 2424 2363 2572 2404; x_wconf 88' lang='lat' dir='ltr'><strong>ducant</strong></span> <span class='ocrx_word' id='word_1_443' title='bbox 2606 2375 2630 2404; x_wconf 91' lang='lat' dir='ltr'><strong>a</strong></span> <span class='ocrx_word' id='word_1_444' title='bbox 2663 2363 2774 2404; x_wconf 90' lang='lat' dir='ltr'><strong>varia</strong></span> 
     </span>
     <span class='ocr_line' id='line_1_29' title="bbox 51 2431 2775 2509; baseline -0.001 -18"><span class='ocrx_word' id='word_1_445' title='bbox 51 2431 60 2509; x_wconf 28' lang='grc' dir='ltr'><strong>ι.</strong></span> <span class='ocrx_word' id='word_1_446' title='bbox 115 2449 302 2498; x_wconf 77' lang='lat' dir='ltr'><strong>iorum,</strong></span> <span class='ocrx_word' id='word_1_447' title='bbox 330 2449 492 2503; x_wconf 73' lang='lat' dir='ltr'><strong>linguae</strong></span> <span class='ocrx_word' id='word_1_448' title='bbox 521 2455 562 2492; x_wconf 84' lang='lat' dir='ltr'><strong>et</strong></span> <span class='ocrx_word' id='word_1_449' title='bbox 589 2449 771 2490; x_wconf 77' lang='lat' dir='ltr'><strong>faucium</strong></span> <span class='ocrx_word' id='word_1_450' title='bbox 801 2462 895 2490; x_wconf 90' lang='lat' dir='ltr'><strong>cum</strong></span> <span class='ocrx_word' id='word_1_451' title='bbox 922 2449 1134 2502; x_wconf 82' lang='lat' dir='ltr'><strong>apertione</strong></span> <span class='ocrx_word' id='word_1_452' title='bbox 1163 2455 1249 2489; x_wconf 88' lang='lat' dir='ltr'><strong>tum</strong></span> <span class='ocrx_word' id='word_1_453' title='bbox 1279 2448 1556 2490; x_wconf 76' lang='lat' dir='ltr'><strong>conclusione.</strong></span> <span class='ocrx_word' id='word_1_454' title='bbox 1606 2448 1645 2489; x_wconf 91' lang='lat' dir='ltr'><strong>Si</strong></span> <span class='ocrx_word' id='word_1_455' title='bbox 1683 2448 1791 2489; x_wconf 90' lang='lat' dir='ltr'><strong>labia</strong></span> <span class='ocrx_word' id='word_1_456' title='bbox 1825 2448 1962 2489; x_wconf 90' lang='lat' dir='ltr'><strong>subito</strong></span> <span class='ocrx_word' id='word_1_457' title='bbox 1991 2448 2234 2502; x_wconf 85' lang='lat' dir='ltr'><strong>aperiuntur</strong></span> <span class='ocrx_word' id='word_1_458' title='bbox 2262 2447 2328 2489; x_wconf 89' lang='lat' dir='ltr'><strong>vel</strong></span> <span class='ocrx_word' id='word_1_459' title='bbox 2363 2448 2611 2490; x_wconf 87' lang='lat' dir='ltr'><strong>clauduntur</strong></span> <span class='ocrx_word' id='word_1_460' title='bbox 2641 2461 2775 2504; x_wconf 86' lang='lat' dir='ltr'><strong>neque</strong></span> 
     </span>
     <span class='ocr_line' id='line_1_30' title="bbox 51 2502 2774 2589; baseline -0 -13"><span class='ocrx_word' id='word_1_461' title='bbox 51 2502 54 2588; x_wconf 44' lang='grc' dir='ltr'>ἴ</span> <span class='ocrx_word' id='word_1_462' title='bbox 104 2531 107 2534; x_wconf 49' lang='lat'><strong>⁴</strong></span> <span class='ocrx_word' id='word_1_463' title='bbox 136 2536 293 2577; x_wconf 69' lang='lat' dir='ltr'><strong>-edenm</strong></span> <span class='ocrx_word' id='word_1_464' title='bbox 328 2533 461 2577; x_wconf 79' lang='lat' dir='ltr'><strong>halitu</strong></span> <span class='ocrx_word' id='word_1_465' title='bbox 489 2535 573 2578; x_wconf 83' lang='lat' dir='ltr'><strong>oris</strong></span> <span class='ocrx_word' id='word_1_466' title='bbox 603 2547 738 2589; x_wconf 81' lang='lat' dir='ltr'><strong>neque</strong></span> <span class='ocrx_word' id='word_1_467' title='bbox 773 2534 954 2584; x_wconf 87' lang='lat' dir='ltr'><strong>narium,</strong></span> <span class='ocrx_word' id='word_1_468' title='bbox 991 2535 1124 2576; x_wconf 88' lang='lat' dir='ltr'><strong>oritur</strong></span> <span class='ocrx_word' id='word_1_469' title='bbox 1151 2534 1272 2576; x_wconf 87' lang='lat' dir='ltr'><strong>litera</strong></span> <span class='ocrx_word' id='word_1_470' title='bbox 1301 2537 1335 2576; x_wconf 84' lang='lat' dir='ltr'><strong>b.</strong></span> <span class='ocrx_word' id='word_1_471' title='bbox 1395 2534 1436 2574; x_wconf 92' lang='lat' dir='ltr'><strong>Si</strong></span> <span class='ocrx_word' id='word_1_472' title='bbox 1466 2533 1592 2575; x_wconf 90' lang='lat' dir='ltr'><strong>simul</strong></span> <span class='ocrx_word' id='word_1_473' title='bbox 1621 2534 1814 2588; x_wconf 88' lang='lat' dir='ltr'><strong>aspiratio</strong></span> <span class='ocrx_word' id='word_1_474' title='bbox 1843 2535 1869 2574; x_wconf 79' lang='lat' dir='ltr'><strong>h</strong></span> <span class='ocrx_word' id='word_1_475' title='bbox 1897 2534 2074 2583; x_wconf 90' lang='lat' dir='ltr'><strong>accedit,</strong></span> <span class='ocrx_word' id='word_1_476' title='bbox 2112 2534 2230 2575; x_wconf 88' lang='lat' dir='ltr'><strong>litera</strong></span> <span class='ocrx_word' id='word_1_477' title='bbox 2254 2548 2295 2588; x_wconf 85' lang='lat' dir='ltr'><strong>p.</strong></span> <span class='ocrx_word' id='word_1_478' title='bbox 2354 2532 2394 2574; x_wconf 93' lang='lat' dir='ltr'><strong>Si</strong></span> <span class='ocrx_word' id='word_1_479' title='bbox 2431 2534 2538 2575; x_wconf 90' lang='lat' dir='ltr'><strong>idem</strong></span> <span class='ocrx_word' id='word_1_480' title='bbox 2579 2531 2649 2575; x_wconf 86' lang='lat' dir='ltr'><strong>fiat</strong></span> <span class='ocrx_word' id='word_1_481' title='bbox 2682 2548 2774 2575; x_wconf 91' lang='lat' dir='ltr'><strong>cum</strong></span> 
     </span>
     <span class='ocr_line' id='line_1_31' title="bbox 52 2607 2774 2682; baseline -0 -19"><span class='ocrx_word' id='word_1_482' title='bbox 52 2607 55 2682; x_wconf 40' lang='grc' dir='ltr'><strong>ἶ</strong></span> <span class='ocrx_word' id='word_1_483' title='bbox 117 2634 235 2675; x_wconf 59' lang='grc' dir='ltr'>«ςιιι,</span> <span class='ocrx_word' id='word_1_484' title='bbox 263 2626 311 2663; x_wconf 88' lang='lat' dir='ltr'><strong>ut</strong></span> <span class='ocrx_word' id='word_1_485' title='bbox 334 2635 438 2663; x_wconf 78' lang='lat' dir='ltr'><strong>sono</strong></span> <span class='ocrx_word' id='word_1_486' title='bbox 466 2621 642 2670; x_wconf 82' lang='lat' dir='ltr'><strong>exitum,</strong></span> <span class='ocrx_word' id='word_1_487' title='bbox 669 2621 808 2663; x_wconf 88' lang='lat' dir='ltr'><strong>subito</strong></span> <span class='ocrx_word' id='word_1_488' title='bbox 837 2634 928 2662; x_wconf 78' lang='lat' dir='ltr'><strong>eam</strong></span> <span class='ocrx_word' id='word_1_489' title='bbox 957 2633 982 2661; x_wconf 87' lang='lat' dir='ltr'><strong>a</strong></span> <span class='ocrx_word' id='word_1_490' title='bbox 1017 2620 1155 2674; x_wconf 86' lang='lat' dir='ltr'><strong>palato</strong></span> <span class='ocrx_word' id='word_1_491' title='bbox 1184 2620 1467 2669; x_wconf 69' lang='lat' dir='ltr'><strong>removendo,</strong></span> <span class='ocrx_word' id='word_1_492' title='bbox 1486 2620 1683 2674; x_wconf 88' lang='lat' dir='ltr'><strong>praebeat</strong></span> <span class='ocrx_word' id='word_1_493' title='bbox 1711 2620 1779 2662; x_wconf 89' lang='lat' dir='ltr'><strong>vel</strong></span> <span class='ocrx_word' id='word_1_494' title='bbox 1807 2620 2024 2674; x_wconf 89' lang='lat' dir='ltr'><strong>prohibeat</strong></span> <span class='ocrx_word' id='word_1_495' title='bbox 2054 2633 2143 2661; x_wconf 90' lang='lat' dir='ltr'><strong>eam</strong></span> <span class='ocrx_word' id='word_1_496' title='bbox 2174 2619 2310 2674; x_wconf 84' lang='lat' dir='ltr'><strong>palato</strong></span> <span class='ocrx_word' id='word_1_497' title='bbox 2339 2621 2612 2669; x_wconf 90' lang='lat' dir='ltr'><strong>admovendo,</strong></span> <span class='ocrx_word' id='word_1_498' title='bbox 2648 2620 2774 2662; x_wconf 89' lang='lat' dir='ltr'><strong>habe-</strong></span> 
     </span>
     <span class='ocr_line' id='line_1_32' title="bbox 54 2705 2773 2762; baseline -0 -13"><span class='ocrx_word' id='word_1_499' title='bbox 54 2706 82 2762; x_wconf 49' lang='grc' dir='ltr'><strong>ᾗ</strong></span> <span class='ocrx_word' id='word_1_500' title='bbox 105 2707 183 2749; x_wconf 82' lang='lat' dir='ltr'><strong>‘tur</strong></span> <span class='ocrx_word' id='word_1_501' title='bbox 211 2707 330 2749; x_wconf 87' lang='lat' dir='ltr'><strong>litera</strong></span> <span class='ocrx_word' id='word_1_502' title='bbox 360 2709 387 2747; x_wconf 87' lang='lat' dir='ltr'><strong>d</strong></span> <span class='ocrx_word' id='word_1_503' title='bbox 419 2713 461 2749; x_wconf 92' lang='lat' dir='ltr'><strong>et</strong></span> <span class='ocrx_word' id='word_1_504' title='bbox 489 2709 710 2749; x_wconf 79' lang='lat' dir='ltr'><strong>accedente</strong></span> <span class='ocrx_word' id='word_1_505' title='bbox 748 2707 995 2762; x_wconf 88' lang='lat' dir='ltr'><strong>aspiratione</strong></span> <span class='ocrx_word' id='word_1_506' title='bbox 1026 2707 1143 2748; x_wconf 88' lang='lat' dir='ltr'><strong>litera</strong></span> <span class='ocrx_word' id='word_1_507' title='bbox 1173 2715 1199 2747; x_wconf 81' lang='lat'><strong>1.</strong></span> <span class='ocrx_word' id='word_1_508' title='bbox 1256 2707 1418 2761; x_wconf 89' lang='lat' dir='ltr'><strong>Apertis</strong></span> <span class='ocrx_word' id='word_1_509' title='bbox 1453 2707 1590 2748; x_wconf 89' lang='lat' dir='ltr'><strong>subito</strong></span> <span class='ocrx_word' id='word_1_510' title='bbox 1628 2708 1679 2748; x_wconf 87' lang='lat' dir='ltr'><strong>ad</strong></span> <span class='ocrx_word' id='word_1_511' title='bbox 1716 2705 1804 2747; x_wconf 90' lang='lat' dir='ltr'><strong>soni</strong></span> <span class='ocrx_word' id='word_1_512' title='bbox 1847 2706 2007 2747; x_wconf 89' lang='lat' dir='ltr'><strong>initium</strong></span> <span class='ocrx_word' id='word_1_513' title='bbox 2042 2706 2230 2748; x_wconf 84' lang='lat' dir='ltr'><strong>faucibus</strong></span> <span class='ocrx_word' id='word_1_514' title='bbox 2264 2719 2338 2747; x_wconf 87' lang='lat' dir='ltr'><strong>seu</strong></span> <span class='ocrx_word' id='word_1_515' title='bbox 2383 2705 2529 2747; x_wconf 78' lang='lat' dir='ltr'><strong>clausis</strong></span> <span class='ocrx_word' id='word_1_516' title='bbox 2567 2707 2618 2749; x_wconf 89' lang='lat' dir='ltr'><strong>ad</strong></span> <span class='ocrx_word' id='word_1_517' title='bbox 2651 2705 2773 2748; x_wconf 86' lang='lat' dir='ltr'><strong>finem</strong></span> 
     </span>
     <span class='ocr_line' id='line_1_33' title="bbox 54 2769 2774 2847; baseline -0 -12"><span class='ocrx_word' id='word_1_518' title='bbox 54 2769 56 2817; x_wconf 39' lang='grc' dir='ltr'>ἐ</span> <span class='ocrx_word' id='word_1_519' title='bbox 89 2777 191 2835; x_wconf 40' lang='lat' dir='ltr'><strong>&#39;llo</strong></span> <span class='ocrx_word' id='word_1_520' title='bbox 218 2795 439 2845; x_wconf 77' lang='lat' dir='ltr'><strong>accedente</strong></span> <span class='ocrx_word' id='word_1_521' title='bbox 468 2794 618 2842; x_wconf 89' lang='lat' dir='ltr'><strong>halitu,</strong></span> <span class='ocrx_word' id='word_1_522' title='bbox 655 2794 785 2835; x_wconf 90' lang='lat' dir='ltr'><strong>oritur</strong></span> <span class='ocrx_word' id='word_1_523' title='bbox 821 2793 943 2835; x_wconf 89' lang='lat' dir='ltr'><strong>litera</strong></span> <span class='ocrx_word' id='word_1_524' title='bbox 975 2807 999 2846; x_wconf 79' lang='lat' dir='ltr'><strong>q</strong></span> <span class='ocrx_word' id='word_1_525' title='bbox 1034 2792 1069 2833; x_wconf 88' lang='lat' dir='ltr'><strong>si</strong></span> <span class='ocrx_word' id='word_1_526' title='bbox 1105 2794 1249 2833; x_wconf 89' lang='lat' dir='ltr'><strong>eadem</strong></span> <span class='ocrx_word' id='word_1_527' title='bbox 1280 2793 1458 2847; x_wconf 82' lang='lat' dir='ltr'><strong>aspirata</strong></span> <span class='ocrx_word' id='word_1_528' title='bbox 1487 2793 1702 2840; x_wconf 80' lang='lat' dir='ltr'><strong>efferatur,</strong></span> <span class='ocrx_word' id='word_1_529' title='bbox 1734 2792 1854 2833; x_wconf 88' lang='lat' dir='ltr'><strong>litera</strong></span> <span class='ocrx_word' id='word_1_530' title='bbox 1883 2794 1918 2832; x_wconf 81' lang='lat' dir='ltr'><strong>k.</strong></span> <span class='ocrx_word' id='word_1_531' title='bbox 1979 2791 2018 2832; x_wconf 94' lang='lat' dir='ltr'><strong>Si</strong></span> <span class='ocrx_word' id='word_1_532' title='bbox 2056 2793 2201 2833; x_wconf 89' lang='lat' dir='ltr'><strong>eodem</strong></span> <span class='ocrx_word' id='word_1_533' title='bbox 2239 2792 2359 2833; x_wconf 91' lang='lat' dir='ltr'><strong>modo</strong></span> <span class='ocrx_word' id='word_1_534' title='bbox 2398 2791 2507 2833; x_wconf 90' lang='lat' dir='ltr'><strong>labia</strong></span> <span class='ocrx_word' id='word_1_535' title='bbox 2540 2792 2774 2846; x_wconf 88' lang='lat' dir='ltr'><strong>aperiantur</strong></span> 
     </span>
    </p>

    <p class='ocr_par' dir='ltr' id='par_1_11' title="bbox 55 2877 2828 3647">
     <span class='ocr_line' id='line_1_34' title="bbox 112 2877 2774 2933; baseline 0 -13"><span class='ocrx_word' id='word_1_536' title='bbox 112 2879 141 2920; x_wconf 98' lang='lat' dir='ltr'><strong>l</strong></span> <span class='ocrx_word' id='word_1_537' title='bbox 170 2881 413 2922; x_wconf 86' lang='lat' dir='ltr'><strong>claudantur</strong></span> <span class='ocrx_word' id='word_1_538' title='bbox 440 2881 662 2921; x_wconf 83' lang='lat' dir='ltr'><strong>accedente</strong></span> <span class='ocrx_word' id='word_1_539' title='bbox 697 2886 835 2921; x_wconf 90' lang='lat' dir='ltr'><strong>autem</strong></span> <span class='ocrx_word' id='word_1_540' title='bbox 870 2879 1114 2933; x_wconf 80' lang='lat' dir='ltr'><strong>halituper</strong></span> <span class='ocrx_word' id='word_1_541' title='bbox 1143 2891 1264 2919; x_wconf 87' lang='lat' dir='ltr'><strong>nares</strong></span> <span class='ocrx_word' id='word_1_542' title='bbox 1294 2879 1426 2923; x_wconf 79' lang='lat' dir='ltr'><strong>oritur</strong></span> <span class='ocrx_word' id='word_1_543' title='bbox 1453 2878 1573 2919; x_wconf 88' lang='lat' dir='ltr'><strong>litera</strong></span> <span class='ocrx_word' id='word_1_544' title='bbox 1602 2892 1650 2918; x_wconf 89' lang='lat' dir='ltr'><strong>m.</strong></span> <span class='ocrx_word' id='word_1_545' title='bbox 1711 2877 1856 2918; x_wconf 90' lang='lat' dir='ltr'><strong>Eidem</strong></span> <span class='ocrx_word' id='word_1_546' title='bbox 1892 2877 2117 2931; x_wconf 88' lang='lat' dir='ltr'><strong>operationi</strong></span> <span class='ocrx_word' id='word_1_547' title='bbox 2154 2878 2314 2931; x_wconf 84' lang='lat' dir='ltr'><strong>linguae</strong></span> <span class='ocrx_word' id='word_1_548' title='bbox 2350 2877 2383 2918; x_wconf 93' lang='lat' dir='ltr'><strong>si</strong></span> <span class='ocrx_word' id='word_1_549' title='bbox 2419 2879 2588 2921; x_wconf 86' lang='lat' dir='ltr'><strong>accedat</strong></span> <span class='ocrx_word' id='word_1_550' title='bbox 2621 2878 2774 2921; x_wconf 84' lang='lat' dir='ltr'><strong>halitus</strong></span> 
     </span>
     <span class='ocr_line' id='line_1_35' title="bbox 55 2935 2773 3026; baseline -0 -18"><span class='ocrx_word' id='word_1_551' title='bbox 55 2935 65 3026; x_wconf 23' lang='lat' dir='ltr'><strong>i·</strong></span> <span class='ocrx_word' id='word_1_552' title='bbox 112 2979 150 3007; x_wconf 87' lang='grc' dir='ltr'><strong>ι·</strong></span> <span class='ocrx_word' id='word_1_553' title='bbox 183 2979 322 3014; x_wconf 83' lang='lat' dir='ltr'><strong>nares,</strong></span> <span class='ocrx_word' id='word_1_554' title='bbox 365 2966 520 3008; x_wconf 89' lang='lat' dir='ltr'><strong>orietur</strong></span> <span class='ocrx_word' id='word_1_555' title='bbox 555 2966 672 3007; x_wconf 91' lang='lat' dir='ltr'><strong>litera</strong></span> <span class='ocrx_word' id='word_1_556' title='bbox 707 2979 753 3014; x_wconf 81' lang='lat' dir='ltr'><strong>n,</strong></span> <span class='ocrx_word' id='word_1_557' title='bbox 799 2971 841 3006; x_wconf 92' lang='lat' dir='ltr'><strong>et</strong></span> <span class='ocrx_word' id='word_1_558' title='bbox 876 2965 1040 3006; x_wconf 87' lang='lat' dir='ltr'><strong>tandem</strong></span> <span class='ocrx_word' id='word_1_559' title='bbox 1079 2964 1257 3005; x_wconf 84' lang='lat' dir='ltr'><strong>faucium</strong></span> <span class='ocrx_word' id='word_1_560' title='bbox 1291 2965 1562 3019; x_wconf 87' lang='lat' dir='ltr'><strong>aperitionem</strong></span> <span class='ocrx_word' id='word_1_561' title='bbox 1599 2970 1640 3004; x_wconf 88' lang='lat' dir='ltr'><strong>et</strong></span> <span class='ocrx_word' id='word_1_562' title='bbox 1676 2963 1981 3004; x_wconf 89' lang='lat' dir='ltr'><strong>conclusionem</strong></span> <span class='ocrx_word' id='word_1_563' title='bbox 2015 2963 2049 3003; x_wconf 90' lang='lat' dir='ltr'><strong>si</strong></span> <span class='ocrx_word' id='word_1_564' title='bbox 2086 2963 2304 3004; x_wconf 87' lang='lat' dir='ltr'><strong>comitetur</strong></span> <span class='ocrx_word' id='word_1_565' title='bbox 2344 2962 2496 3005; x_wconf 89' lang='lat' dir='ltr'><strong>halitus</strong></span> <span class='ocrx_word' id='word_1_566' title='bbox 2541 2977 2619 3018; x_wconf 90' lang='lat' dir='ltr'><strong>per</strong></span> <span class='ocrx_word' id='word_1_567' title='bbox 2652 2978 2773 3007; x_wconf 76' lang='lat' dir='ltr'><strong>nares</strong></span> 
     </span>
     <span class='ocr_line' id='line_1_36' title="bbox 56 3032 2772 3106; baseline -0 -12"><span class='ocrx_word' id='word_1_568' title='bbox 56 3043 71 3057; x_wconf 71' lang='lat'><em>³</em></span> <span class='ocrx_word' id='word_1_569' title='bbox 92 3053 244 3094; x_wconf 81' lang='lat' dir='ltr'><strong>ertur</strong></span> <span class='ocrx_word' id='word_1_570' title='bbox 278 3051 397 3092; x_wconf 87' lang='lat' dir='ltr'><strong>litera</strong></span> <span class='ocrx_word' id='word_1_571' title='bbox 434 3051 740 3093; x_wconf 84' lang='lat' dir='ltr'><strong>Haebraeorum</strong></span> <span class='ocrx_word' id='word_1_572' title='bbox 771 3050 806 3106; x_wconf 65' lang='lat' dir='ltr'><em>y</em></span> <span class='ocrx_word' id='word_1_573' title='bbox 833 3051 867 3091; x_wconf 89' lang='lat' dir='ltr'><strong>si</strong></span> <span class='ocrx_word' id='word_1_574' title='bbox 898 3043 1011 3092; x_wconf 87' lang='lat' dir='ltr'><strong>recte</strong></span> <span class='ocrx_word' id='word_1_575' title='bbox 1043 3050 1335 3104; x_wconf 87' lang='lat' dir='ltr'><strong>pronunciatur</strong></span> <span class='ocrx_word' id='word_1_576' title='bbox 1364 3063 1440 3104; x_wconf 91' lang='lat' dir='ltr'><strong>per</strong></span> <span class='ocrx_word' id='word_1_577' title='bbox 1466 3064 1518 3103; x_wconf 76' lang='lat' dir='ltr'><strong>qn</strong></span> <span class='ocrx_word' id='word_1_578' title='bbox 1590 3047 1629 3090; x_wconf 91' lang='lat' dir='ltr'><strong>Si</strong></span> <span class='ocrx_word' id='word_1_579' title='bbox 1661 3032 1768 3090; x_wconf 87' lang='lat' dir='ltr'><strong>labia</strong></span> <span class='ocrx_word' id='word_1_580' title='bbox 1797 3063 1878 3090; x_wconf 90' lang='lat' dir='ltr'><strong>non</strong></span> <span class='ocrx_word' id='word_1_581' title='bbox 1907 3049 2070 3103; x_wconf 87' lang='lat' dir='ltr'><strong>penitus</strong></span> <span class='ocrx_word' id='word_1_582' title='bbox 2099 3047 2348 3090; x_wconf 89' lang='lat' dir='ltr'><strong>clauduntur</strong></span> <span class='ocrx_word' id='word_1_583' title='bbox 2383 3053 2428 3089; x_wconf 90' lang='lat' dir='ltr'><strong>ut</strong></span> <span class='ocrx_word' id='word_1_584' title='bbox 2462 3048 2614 3091; x_wconf 85' lang='lat' dir='ltr'><strong>halitus</strong></span> <span class='ocrx_word' id='word_1_585' title='bbox 2644 3048 2772 3093; x_wconf 82' lang='lat' dir='ltr'><strong>libere</strong></span> 
     </span>
     <span class='ocr_line' id='line_1_37' title="bbox 56 3066 2772 3192; baseline -0.001 -12"><span class='ocrx_word' id='word_1_586' title='bbox 56 3066 165 3179; x_wconf 54' lang='lat' dir='ltr'><strong>1iri</strong></span> <span class='ocrx_word' id='word_1_587' title='bbox 189 3144 316 3192; x_wconf 80' lang='lat' dir='ltr'><strong>queat</strong></span> <span class='ocrx_word' id='word_1_588' title='bbox 339 3137 471 3179; x_wconf 82' lang='lat' dir='ltr'><strong>oritur</strong></span> <span class='ocrx_word' id='word_1_589' title='bbox 498 3137 616 3179; x_wconf 90' lang='lat' dir='ltr'><strong>litera</strong></span> <span class='ocrx_word' id='word_1_590' title='bbox 637 3151 685 3178; x_wconf 87' lang='lat' dir='ltr'><strong>w.</strong></span> <span class='ocrx_word' id='word_1_591' title='bbox 736 3137 778 3177; x_wconf 89' lang='lat' dir='ltr'><strong>Si</strong></span> <span class='ocrx_word' id='word_1_592' title='bbox 808 3135 945 3191; x_wconf 84' lang='lat' dir='ltr'><strong>lingua</strong></span> <span class='ocrx_word' id='word_1_593' title='bbox 973 3135 1110 3190; x_wconf 88' lang='lat' dir='ltr'><strong>palato</strong></span> <span class='ocrx_word' id='word_1_594' title='bbox 1139 3134 1409 3177; x_wconf 85' lang='lat' dir='ltr'><strong>admoveatur</strong></span> <span class='ocrx_word' id='word_1_595' title='bbox 1440 3136 1635 3189; x_wconf 65' lang='lat' dir='ltr'><strong>quidem„</strong></span> <span class='ocrx_word' id='word_1_596' title='bbox 1653 3136 1728 3176; x_wconf 89' lang='lat' dir='ltr'><strong>sed</strong></span> <span class='ocrx_word' id='word_1_597' title='bbox 1758 3141 1892 3176; x_wconf 90' lang='lat' dir='ltr'><strong>tamen</strong></span> <span class='ocrx_word' id='word_1_598' title='bbox 1922 3134 2053 3176; x_wconf 88' lang='lat' dir='ltr'><strong>halitu</strong></span> <span class='ocrx_word' id='word_1_599' title='bbox 2083 3134 2259 3175; x_wconf 89' lang='lat' dir='ltr'><strong>liberum</strong></span> <span class='ocrx_word' id='word_1_600' title='bbox 2291 3135 2445 3176; x_wconf 87' lang='lat' dir='ltr'><strong>exitum</strong></span> <span class='ocrx_word' id='word_1_601' title='bbox 2475 3148 2556 3175; x_wconf 92' lang='lat' dir='ltr'><strong>non</strong></span> <span class='ocrx_word' id='word_1_602' title='bbox 2586 3135 2772 3191; x_wconf 81' lang='lat' dir='ltr'><strong>deneget,</strong></span> 
     </span>
     <span class='ocr_line' id='line_1_38' title="bbox 58 3191 2771 3275; baseline -0.001 -10.996"><span class='ocrx_word' id='word_1_603' title='bbox 58 3191 95 3230; x_wconf 62' lang='lat'><em>¹</em></span> <span class='ocrx_word' id='word_1_604' title='bbox 111 3223 263 3265; x_wconf 83' lang='lat' dir='ltr'><strong>dictur</strong></span> <span class='ocrx_word' id='word_1_605' title='bbox 290 3222 411 3264; x_wconf 87' lang='lat' dir='ltr'><strong>litera</strong></span> <span class='ocrx_word' id='word_1_606' title='bbox 440 3225 466 3264; x_wconf 80' lang='grc' dir='ltr'><strong>ἱ.</strong></span> <span class='ocrx_word' id='word_1_607' title='bbox 525 3223 637 3264; x_wconf 90' lang='lat' dir='ltr'><strong>Idem</strong></span> <span class='ocrx_word' id='word_1_608' title='bbox 671 3223 706 3264; x_wconf 78' lang='lat' dir='ltr'><strong>si</strong></span> <span class='ocrx_word' id='word_1_609' title='bbox 739 3221 985 3263; x_wconf 78' lang='lat' dir='ltr'><strong>observetur</strong></span> <span class='ocrx_word' id='word_1_610' title='bbox 1013 3222 1055 3262; x_wconf 87' lang='lat' dir='ltr'><strong>in</strong></span> <span class='ocrx_word' id='word_1_611' title='bbox 1091 3220 1298 3270; x_wconf 83' lang='lat' dir='ltr'><strong>faucibus,</strong></span> <span class='ocrx_word' id='word_1_612' title='bbox 1336 3220 1554 3263; x_wconf 79' lang='lat' dir='ltr'><strong>habebitur</strong></span> <span class='ocrx_word' id='word_1_613' title='bbox 1590 3220 1707 3262; x_wconf 83' lang='lat' dir='ltr'><strong>litera</strong></span> <span class='ocrx_word' id='word_1_614' title='bbox 1734 3220 1758 3272; x_wconf 88' lang='lat' dir='ltr'><strong><em>j</em></strong></span> <span class='ocrx_word' id='word_1_615' title='bbox 1794 3233 2019 3262; x_wconf 85' lang='lat' dir='ltr'><strong>consonans</strong></span> <span class='ocrx_word' id='word_1_616' title='bbox 2053 3226 2097 3261; x_wconf 91' lang='lat' dir='ltr'><strong>ut</strong></span> <span class='ocrx_word' id='word_1_617' title='bbox 2130 3220 2171 3260; x_wconf 89' lang='lat' dir='ltr'><strong>in</strong></span> <span class='ocrx_word' id='word_1_618' title='bbox 2207 3219 2417 3261; x_wconf 90' lang='lat' dir='ltr'><strong>Germanis</strong></span> <span class='ocrx_word' id='word_1_619' title='bbox 2444 3219 2511 3271; x_wconf 84' lang='lat' dir='ltr'><strong>ja,</strong></span> <span class='ocrx_word' id='word_1_620' title='bbox 2535 3220 2673 3275; x_wconf 80' lang='lat' dir='ltr'><strong>jagen.</strong></span> <span class='ocrx_word' id='word_1_621' title='bbox 2731 3221 2771 3262; x_wconf 90' lang='lat' dir='ltr'><strong>Si</strong></span> 
     </span>
     <span class='ocr_line' id='line_1_39' title="bbox 57 3265 2770 3362; baseline -0.001 -11.992"><span class='ocrx_word' id='word_1_622' title='bbox 57 3265 81 3319; x_wconf 47' lang='lat'>3</span> <span class='ocrx_word' id='word_1_623' title='bbox 126 3309 254 3356; x_wconf 86' lang='lat' dir='ltr'><strong>·dem,</strong></span> <span class='ocrx_word' id='word_1_624' title='bbox 286 3309 414 3356; x_wconf 88' lang='lat' dir='ltr'><strong>labia,</strong></span> <span class='ocrx_word' id='word_1_625' title='bbox 446 3309 583 3362; x_wconf 84' lang='lat' dir='ltr'><strong>lingua</strong></span> <span class='ocrx_word' id='word_1_626' title='bbox 614 3314 655 3350; x_wconf 90' lang='lat' dir='ltr'><strong>et</strong></span> <span class='ocrx_word' id='word_1_627' title='bbox 683 3308 822 3349; x_wconf 84' lang='lat' dir='ltr'><strong>fauces</strong></span> <span class='ocrx_word' id='word_1_628' title='bbox 853 3307 1107 3361; x_wconf 87' lang='lat' dir='ltr'><strong>aliquantum</strong></span> <span class='ocrx_word' id='word_1_629' title='bbox 1139 3306 1265 3361; x_wconf 81' lang='lat' dir='ltr'><strong>magis</strong></span> <span class='ocrx_word' id='word_1_630' title='bbox 1297 3306 1559 3355; x_wconf 87' lang='lat' dir='ltr'><strong>claudantur,</strong></span> <span class='ocrx_word' id='word_1_631' title='bbox 1589 3310 1662 3348; x_wconf 70' lang='lat' dir='ltr'><strong>aer</strong></span> <span class='ocrx_word' id='word_1_632' title='bbox 1690 3320 1788 3348; x_wconf 90' lang='lat' dir='ltr'><strong>vero</strong></span> <span class='ocrx_word' id='word_1_633' title='bbox 1819 3307 1856 3347; x_wconf 91' lang='lat' dir='ltr'><strong>vi</strong></span> <span class='ocrx_word' id='word_1_634' title='bbox 1887 3305 2136 3360; x_wconf 82' lang='lat' dir='ltr'><strong>expellatur,</strong></span> <span class='ocrx_word' id='word_1_635' title='bbox 2167 3305 2276 3347; x_wconf 90' lang='lat' dir='ltr'><strong>labia</strong></span> <span class='ocrx_word' id='word_1_636' title='bbox 2301 3305 2534 3347; x_wconf 83' lang='lat' dir='ltr'><strong>formabunt</strong></span> <span class='ocrx_word' id='word_1_637' title='bbox 2561 3306 2770 3360; x_wconf 63' lang='lat' dir='ltr'><strong>literamt,</strong></span> 
     </span>
     <span class='ocr_line' id='line_1_40' title="bbox 66 3356 2771 3447; baseline -0.001 -10.998"><span class='ocrx_word' id='word_1_638' title='bbox 66 3356 119 3429; x_wconf 62' lang='lat' dir='ltr'><strong>i</strong></span> <span class='ocrx_word' id='word_1_639' title='bbox 195 3394 398 3436; x_wconf 77' lang='lat' dir='ltr'><strong>literam</strong></span> <span class='ocrx_word' id='word_1_640' title='bbox 428 3408 446 3436; x_wconf 74' lang='lat' dir='ltr'><strong>s</strong></span> <span class='ocrx_word' id='word_1_641' title='bbox 475 3401 516 3436; x_wconf 92' lang='lat' dir='ltr'><strong>et</strong></span> <span class='ocrx_word' id='word_1_642' title='bbox 541 3395 683 3436; x_wconf 80' lang='lat' dir='ltr'><strong>fauces</strong></span> <span class='ocrx_word' id='word_1_643' title='bbox 713 3394 873 3435; x_wconf 83' lang='lat' dir='ltr'><strong>literam</strong></span> <span class='ocrx_word' id='word_1_644' title='bbox 903 3393 956 3434; x_wconf 89' lang='lat' dir='ltr'><strong>ch</strong></span> <span class='ocrx_word' id='word_1_645' title='bbox 985 3405 1120 3447; x_wconf 83' lang='lat' dir='ltr'><strong>graec.</strong></span> <span class='ocrx_word' id='word_1_646' title='bbox 1151 3405 1185 3444; x_wconf 77' lang='grc' dir='ltr'><em>χ</em></span> <span class='ocrx_word' id='word_1_647' title='bbox 1214 3392 1522 3434; x_wconf 86' lang='lat' dir='ltr'><strong>Haebraeorum</strong></span> <span class='ocrx_word' id='word_1_648' title='bbox 1554 3393 1611 3439; x_wconf 63' lang='lat' dir='ltr'><strong>m.</strong></span> <span class='ocrx_word' id='word_1_649' title='bbox 1672 3392 1809 3434; x_wconf 88' lang='lat' dir='ltr'><strong>Potest</strong></span> <span class='ocrx_word' id='word_1_650' title='bbox 1834 3405 1931 3446; x_wconf 85' lang='lat' dir='ltr'><strong>ergo</strong></span> <span class='ocrx_word' id='word_1_651' title='bbox 1960 3391 2137 3433; x_wconf 84' lang='lat' dir='ltr'><strong>formare</strong></span> <span class='ocrx_word' id='word_1_652' title='bbox 2167 3391 2289 3432; x_wconf 92' lang='lat' dir='ltr'><strong>homo</strong></span> <span class='ocrx_word' id='word_1_653' title='bbox 2317 3396 2535 3446; x_wconf 85' lang='lat' dir='ltr'><strong>sequentes</strong></span> <span class='ocrx_word' id='word_1_654' title='bbox 2562 3391 2771 3446; x_wconf 77' lang='lat' dir='ltr'><strong>simplices</strong></span> 
     </span>
     <span class='ocr_line' id='line_1_41' title="bbox 181 3474 2769 3534; baseline -0.001 -13.081"><span class='ocrx_word' id='word_1_655' title='bbox 181 3482 356 3521; x_wconf 73' lang='lat' dir='ltr'><strong>»znantes</strong></span> <span class='ocrx_word' id='word_1_656' title='bbox 390 3479 492 3534; x_wconf 82' lang='grc' dir='ltr'>1)1ι,</span> <span class='ocrx_word' id='word_1_657' title='bbox 522 3480 623 3533; x_wconf 81' lang='grc' dir='ltr'>2)ι·,</span> <span class='ocrx_word' id='word_1_658' title='bbox 662 3482 700 3533; x_wconf 80' lang='grc'><strong>3)</strong></span> <span class='ocrx_word' id='word_1_659' title='bbox 730 3477 802 3520; x_wconf 87' lang='lat' dir='ltr'><strong>ille</strong></span> <span class='ocrx_word' id='word_1_660' title='bbox 833 3477 903 3533; x_wconf 87' lang='lat' dir='ltr'><strong>qui</strong></span> <span class='ocrx_word' id='word_1_661' title='bbox 941 3490 994 3520; x_wconf 83' lang='lat' dir='ltr'><strong>ex</strong></span> <span class='ocrx_word' id='word_1_662' title='bbox 1030 3477 1328 3519; x_wconf 84' lang='lat' dir='ltr'><strong>vibrationibus</strong></span> <span class='ocrx_word' id='word_1_663' title='bbox 1364 3477 1569 3519; x_wconf 84' lang='lat' dir='ltr'><strong>labiorum</strong></span> <span class='ocrx_word' id='word_1_664' title='bbox 1605 3478 1751 3525; x_wconf 85' lang='lat' dir='ltr'><strong>oritur,</strong></span> <span class='ocrx_word' id='word_1_665' title='bbox 1793 3477 1897 3530; x_wconf 72' lang='lat' dir='ltr'><strong>t)1›‚</strong></span> <span class='ocrx_word' id='word_1_666' title='bbox 1929 3478 2031 3530; x_wconf 84' lang='lat' dir='ltr'><strong>5)d,</strong></span> <span class='ocrx_word' id='word_1_667' title='bbox 2060 3478 2164 3530; x_wconf 65' lang='lat' dir='ltr'><strong>⁶)9v</strong></span> <span class='ocrx_word' id='word_1_668' title='bbox 2195 3477 2310 3529; x_wconf 79' lang='lat' dir='ltr'><strong>⁷)m,</strong></span> <span class='ocrx_word' id='word_1_669' title='bbox 2343 3477 2450 3530; x_wconf 78' lang='grc' dir='ltr'>8)ιι,</span> <span class='ocrx_word' id='word_1_670' title='bbox 2480 3474 2598 3531; x_wconf 60' lang='lat' dir='ltr'><strong>my,</strong></span> <span class='ocrx_word' id='word_1_671' title='bbox 2631 3477 2769 3529; x_wconf 81' lang='grc' dir='ltr'>10)ω,</span> 
     </span>
     <span class='ocr_line' id='line_1_42' title="bbox 60 3530 2828 3647; baseline -0.002 -39.978"><span class='ocrx_word' id='word_1_672' title='bbox 60 3530 94 3647; x_wconf 54' lang='lat' dir='ltr'><strong>:i</strong></span> <span class='ocrx_word' id='word_1_673' title='bbox 129 3563 518 3620; x_wconf 75' lang='lat' dir='ltr'><strong>)1‚12)j‚13)r‚</strong></span> <span class='ocrx_word' id='word_1_674' title='bbox 559 3567 680 3619; x_wconf 48' lang='lat' dir='ltr'><strong>lbos,</strong></span> <span class='ocrx_word' id='word_1_675' title='bbox 719 3567 782 3619; x_wconf 84' lang='grc'><strong>15)</strong></span> <span class='ocrx_word' id='word_1_676' title='bbox 805 3577 849 3616; x_wconf 75' lang='grc' dir='ltr'><strong>χ.</strong></span> <span class='ocrx_word' id='word_1_677' title='bbox 916 3564 1039 3605; x_wconf 85' lang='lat' dir='ltr'><strong>Hisce</strong></span> <span class='ocrx_word' id='word_1_678' title='bbox 1075 3570 1160 3605; x_wconf 86' lang='lat' dir='ltr'><strong>tres</strong></span> <span class='ocrx_word' id='word_1_679' title='bbox 1193 3577 1238 3620; x_wconf 81' lang='lat' dir='ltr'><strong>p,</strong></span> <span class='ocrx_word' id='word_1_680' title='bbox 1275 3571 1289 3604; x_wconf 78' lang='lat' dir='ltr'><strong>t</strong></span> <span class='ocrx_word' id='word_1_681' title='bbox 1321 3568 1362 3604; x_wconf 89' lang='lat' dir='ltr'><strong>et</strong></span> <span class='ocrx_word' id='word_1_682' title='bbox 1398 3565 1421 3604; x_wconf 87' lang='lat' dir='ltr'><strong><em>k</em></strong></span> <span class='ocrx_word' id='word_1_683' title='bbox 1459 3577 1538 3605; x_wconf 91' lang='lat' dir='ltr'><strong>non</strong></span> <span class='ocrx_word' id='word_1_684' title='bbox 1575 3564 1801 3606; x_wconf 90' lang='lat' dir='ltr'><strong>adnumero</strong></span> <span class='ocrx_word' id='word_1_685' title='bbox 1836 3570 2029 3617; x_wconf 89' lang='lat' dir='ltr'><strong>tanquam</strong></span> <span class='ocrx_word' id='word_1_686' title='bbox 2064 3561 2311 3615; x_wconf 89' lang='lat' dir='ltr'><strong>compositas</strong></span> <span class='ocrx_word' id='word_1_687' title='bbox 2349 3574 2401 3602; x_wconf 85' lang='lat' dir='ltr'><strong>ex</strong></span> <span class='ocrx_word' id='word_1_688' title='bbox 2437 3563 2478 3610; x_wconf 83' lang='lat' dir='ltr'><strong>b,</strong></span> <span class='ocrx_word' id='word_1_689' title='bbox 2514 3562 2556 3610; x_wconf 83' lang='lat' dir='ltr'><strong>d,</strong></span> <span class='ocrx_word' id='word_1_690' title='bbox 2590 3576 2615 3615; x_wconf 79' lang='lat' dir='ltr'><strong>q</strong></span> <span class='ocrx_word' id='word_1_691' title='bbox 2651 3568 2694 3603; x_wconf 85' lang='lat' dir='ltr'><strong>et</strong></span> <span class='ocrx_word' id='word_1_692' title='bbox 2731 3563 2768 3603; x_wconf 79' lang='grc' dir='ltr'><strong>Ιι.</strong></span> <span class='ocrx_word' id='word_1_693' title='bbox 2826 3620 2828 3622; x_wconf 6' lang='lat' dir='ltr'>K</span> 
     </span>
    </p>

    <p class='ocr_par' dir='ltr' id='par_1_12' title="bbox 104 3646 2769 3705">
     <span class='ocr_line' id='line_1_43' title="bbox 104 3646 2769 3705; baseline -0.001 -13.965"><span class='ocrx_word' id='word_1_694' title='bbox 104 3649 271 3692; x_wconf 69' lang='lat' dir='ltr'><strong>intimo</strong></span> <span class='ocrx_word' id='word_1_695' title='bbox 307 3650 412 3692; x_wconf 84' lang='lat' dir='ltr'><strong>hanc</strong></span> <span class='ocrx_word' id='word_1_696' title='bbox 450 3664 561 3693; x_wconf 83' lang='lat' dir='ltr'><strong>esse</strong></span> <span class='ocrx_word' id='word_1_697' title='bbox 583 3650 890 3694; x_wconf 82' lang='lat' dir='ltr'><strong>consonantium</strong></span> <span class='ocrx_word' id='word_1_698' title='bbox 928 3649 1155 3705; x_wconf 78' lang='lat' dir='ltr'><strong>perfectam</strong></span> <span class='ocrx_word' id='word_1_699' title='bbox 1190 3649 1555 3701; x_wconf 87' lang='lat' dir='ltr'><strong>enumerationem,</strong></span> <span class='ocrx_word' id='word_1_700' title='bbox 1597 3661 1733 3705; x_wconf 79' lang='lat' dir='ltr'><strong>neque</strong></span> <span class='ocrx_word' id='word_1_701' title='bbox 1769 3648 1902 3691; x_wconf 84' lang='lat' dir='ltr'><strong>ullum</strong></span> <span class='ocrx_word' id='word_1_702' title='bbox 1937 3647 2063 3690; x_wconf 80' lang='lat' dir='ltr'><strong>alium</strong></span> <span class='ocrx_word' id='word_1_703' title='bbox 2109 3646 2276 3688; x_wconf 83' lang='lat' dir='ltr'><strong>formari</strong></span> <span class='ocrx_word' id='word_1_704' title='bbox 2312 3659 2432 3701; x_wconf 84' lang='lat' dir='ltr'><strong>posse</strong></span> <span class='ocrx_word' id='word_1_705' title='bbox 2478 3646 2549 3701; x_wconf 91' lang='lat' dir='ltr'><strong>qui</strong></span> <span class='ocrx_word' id='word_1_706' title='bbox 2585 3659 2660 3687; x_wconf 88' lang='lat' dir='ltr'><strong>nec</strong></span> <span class='ocrx_word' id='word_1_707' title='bbox 2703 3646 2769 3688; x_wconf 88' lang='lat' dir='ltr'><strong>hic</strong></span> 
     </span>
    </p>
   </div>
   <div class='ocr_carea' id='block_1_11' title="bbox 62 3697 931 3793">
    <p class='ocr_par' dir='ltr' id='par_1_13' title="bbox 62 3697 931 3793">
     <span class='ocr_line' id='line_1_44' title="bbox 62 3697 931 3793; baseline 0 -15"><span class='ocrx_word' id='word_1_708' title='bbox 62 3697 84 3741; x_wconf 47' lang='grc' dir='ltr'><strong>’Β</strong></span> <span class='ocrx_word' id='word_1_709' title='bbox 107 3790 110 3793; x_wconf 87' lang='lat'><strong>.</strong></span> <span class='ocrx_word' id='word_1_710' title='bbox 167 3741 293 3785; x_wconf 86' lang='lat' dir='ltr'><strong>tur,</strong></span> <span class='ocrx_word' id='word_1_711' title='bbox 320 3749 398 3778; x_wconf 83' lang='lat' dir='ltr'><strong>nec</strong></span> <span class='ocrx_word' id='word_1_712' title='bbox 426 3749 479 3780; x_wconf 74' lang='grc' dir='ltr'><strong>οι</strong></span> <span class='ocrx_word' id='word_1_713' title='bbox 504 3736 622 3780; x_wconf 75' lang='lat' dir='ltr'><strong>hisce</strong></span> <span class='ocrx_word' id='word_1_714' title='bbox 647 3741 931 3792; x_wconf 79' lang='lat' dir='ltr'><strong>componatur.</strong></span> 
     </span>
    </p>
   </div>
   <div class='ocr_carea' id='block_1_12' title="bbox 150 1491 2855 1545">
    <p class='ocr_par' dir='ltr' id='par_1_14' title="bbox 150 1491 2855 1545">
     <span class='ocr_line' id='line_1_45' title="bbox 150 1491 2855 1545; baseline 0.001 -10"><span class='ocrx_word' id='word_1_715' title='bbox 150 1496 286 1535; x_wconf 61' lang='lat' dir='ltr'><strong>teuton</strong></span> <span class='ocrx_word' id='word_1_716' title='bbox 322 1493 391 1533; x_wconf 90' lang='lat' dir='ltr'><strong>ubi</strong></span> <span class='ocrx_word' id='word_1_717' title='bbox 428 1492 567 1543; x_wconf 78' lang='lat' dir='ltr'><strong>legunt</strong></span> <span class='ocrx_word' id='word_1_718' title='bbox 602 1493 727 1531; x_wconf 62' lang='lat' dir='ltr'><strong>kalen.</strong></span> <span class='ocrx_word' id='word_1_719' title='bbox 786 1491 896 1531; x_wconf 85' lang='lat' dir='ltr'><strong>lnter</strong></span> <span class='ocrx_word' id='word_1_720' title='bbox 928 1492 1140 1545; x_wconf 87' lang='lat' dir='ltr'><strong>utriusque</strong></span> <span class='ocrx_word' id='word_1_721' title='bbox 1170 1491 1313 1533; x_wconf 90' lang='lat' dir='ltr'><strong>classis</strong></span> <span class='ocrx_word' id='word_1_722' title='bbox 1348 1492 1612 1534; x_wconf 89' lang='lat' dir='ltr'><strong>intermedios</strong></span> <span class='ocrx_word' id='word_1_723' title='bbox 1639 1494 1656 1533; x_wconf 81' lang='lat' dir='ltr'><strong>i</strong></span> <span class='ocrx_word' id='word_1_724' title='bbox 1684 1493 1876 1534; x_wconf 88' lang='lat' dir='ltr'><strong>obtusum</strong></span> <span class='ocrx_word' id='word_1_725' title='bbox 1908 1500 1946 1534; x_wconf 89' lang='lat' dir='ltr'><strong>et</strong></span> <span class='ocrx_word' id='word_1_726' title='bbox 1975 1508 2002 1534; x_wconf 78' lang='lat' dir='ltr'><strong><em>u</em></strong></span> <span class='ocrx_word' id='word_1_727' title='bbox 2031 1494 2221 1536; x_wconf 88' lang='lat' dir='ltr'><strong>obtusum</strong></span> <span class='ocrx_word' id='word_1_728' title='bbox 2251 1495 2452 1537; x_wconf 89' lang='lat' dir='ltr'><strong>habemus</strong></span> <span class='ocrx_word' id='word_1_729' title='bbox 2482 1497 2617 1537; x_wconf 89' lang='lat' dir='ltr'><strong>denuo</strong></span> <span class='ocrx_word' id='word_1_730' title='bbox 2653 1497 2777 1539; x_wconf 87' lang='lat' dir='ltr'><strong>inter·</strong></span> <span class='ocrx_word' id='word_1_731' title='bbox 2822 1497 2855 1522; x_wconf 76' lang='lat'><strong>‘-</strong></span> 
     </span>
    </p>
   </div>
  </div>
 </body>
</html>
