2950 4276
1041 224 1160 278 Vera
1196 224 1322 278 vires
1361 223 1668 277 eoeelstz’mandz'
1699 223 1841 276 ratio·
2714 225 2778 277 41,

82 372 280 425 habeant
315 372 423 428 vim,
458 384 544 432 qua
581 365 767 414 fuerunt
802 367 1013 430 impulsa,
1049 374 1183 415 erunt
1217 374 1263 414 et
1296 382 1537 429 corporum
1573 369 1690 415 vires
1726 374 1778 414 ut
1816 368 1858 415 V
1875 365 1935 413 ad
1962 381 2014 427 c).¹
2053 365 2165 431 Quia
2198 373 2349 414 autem
2383 373 2488 414 sunt
2522 367 2782 415 celeritates

32 466 35 525 ζ
79 470 127 515 in
160 466 470 528 subduplicata
503 466 666 511 virium
699 465 894 520 ratione,
930 463 1134 525 sequitur
1170 464 1288 508 vires
1321 477 1416 508 esse
1450 464 1496 508 in
1531 461 1755 524 duplicata
1791 463 2071 509 celeritatum
2097 464 2291 520 ratione,
2326 464 2363 510 si
2396 477 2588 523 corpora
2612 462 2784 511 fuerint

32 540 34 588 s
81 561 303 624 aequalia3
354 561 423 605 sin
462 574 568 606 vero
609 559 882 620 inaequalia,
933 563 1068 602 erunt
1108 557 1226 612 vires
1268 557 1314 600 in
1355 558 1599 617 composita
1642 557 1812 602 ratione
1853 572 1905 602 ex
1940 555 2166 619 duplicata
2200 557 2478 604 celeritatum
2513 565 2558 604 et
2595 559 2782 621 simplici

79 661 348 709 massarum3
384 669 616 716 quousque
653 668 762 700 vero
797 652 887 699 hoc
920 651 1205 698 ratiocinium
1240 649 1407 706 valeat,
1442 664 1495 696 ex
1528 651 1628 712 ipso
1662 651 1838 697 calculo
1871 648 2004 697 facile
2031 658 2178 714 patet,
2215 667 2374 715 nempe
2401 667 2596 716 eousque
2623 654 2782 701 saltem

30 723 32 758 3
79 752 116 798 si
152 751 293 813 spatia
326 747 412 795 AB
447 755 493 794 et
526 749 585 795 ab
620 754 884 809 aequentur.
2620 731 2632 742 ⁹

209 836 356 909 §.XLx
373 843 433 891 Ut
457 843 575 890 hanc
601 843 831 889 materiam
858 840 1062 901 exemplo
1089 839 1324 897 illustrem,
1355 837 1596 901 protrudat
1622 837 1738 900 (Fig.
1764 838 1873 902 119)
1902 838 2037 886 homo
2064 841 2121 897 H,
2156 839 2348 902 pedibus
2374 843 2418 888 in
2445 842 2487 889 F
2504 844 2784 892 manentibus

81 940 299 995 immotis,
334 953 500 1000 corpus
532 934 578 983 A
611 951 664 982 ex
697 936 805 981 tetis
837 935 930 980 suis
965 933 1160 990 viribus,
1198 932 1346 980 donec
1388 935 1484 995 ipse
1519 932 1644 980 humi
1681 932 1898 995 procidat.
1957 931 2006 979 Si
2039 932 2144 980 dein
2177 933 2297 980 idem
2330 950 2516 997 corpus,
2544 936 2628 983 ,vel
2662 937 2783 985 aliud

79 1033 186 1080 huic
229 1032 436 1094 aequale,
488 1036 684 1093 quatuor
732 1027 936 1074 homines
982 1027 1141 1074 eodem
1188 1026 1325 1075 modo
1372 1027 1666 1090 protrudant,
1721 1029 1925 1089 acquiret
1967 1026 2058 1075 hoc
2100 1043 2269 1091 corpus
2309 1029 2469 1076 saltem
2509 1030 2782 1078 celeritatem

26 1144 29 1193 ,ι
84 1123 265 1187 duplam
306 1124 425 1188 ejus,
479 1139 613 1186 quam
665 1136 782 1168 unus
831 1128 1006 1185 tantum
1048 1121 1188 1168 homo
1224 1117 1390 1168 effecit.
1463 1121 1510 1168 Si
1561 1121 1688 1167 alteri
1729 1121 1908 1183 corpori
1950 1135 2110 1167 novem
2153 1121 2359 1169 homines
2403 1124 2520 1169 vires
2558 1139 2660 1171 suas
2699 1127 2786 1171 im-

78 1219 272 1280 primant
306 1217 467 1264 eodem
501 1231 685 1279 quoque,
722 1215 880 1274 modo,
914 1223 971 1284 ut
1004 1216 1078 1263 ille
1114 1218 1309 1279 primus,
1346 1218 1553 1279 acquiret
1585 1216 1678 1264 hoc
1711 1231 1878 1278 corpus
1912 1216 2199 1263 velocitatem
2232 1215 2412 1279 triplam
2446 1216 2609 1263 saltem
2643 1218 2781 1276 illius,

25 1362 26 1365 Ἴ
76 1319 123 1358 et
155 1311 244 1358 hoc
278 1310 416 1359 modo
450 1317 716 1373 argumenta
753 1326 835 1373 pro
869 1310 1132 1357 Leibnitii
1167 1313 1389 1371 sententia
1424 1310 1754 1373 depromuntur
1788 1325 1840 1356 ex
1875 1317 2030 1357 nostra
2065 1310 2266 1372 generali
2299 1311 2520 1374 analogia.

117 1439 122 1444 ·
205 1405 234 1473 §
268 1407 364 1455 XII.
424 1407 543 1464 Quin
589 1408 723 1476 etiam
771 1422 855 1469 pro
896 1406 1259 1455 Cartesianorum
1306 1408 1530 1454 sententia
1575 1413 1839 1469 argumenta
1879 1413 2034 1453 nostra
2075 1407 2278 1468 analogia
2319 1409 2534 1469 impertit.
2609 1408 2786 1455 Etenim

77 1509 408 1565 prosequantur
442 1503 559 1548 vires
601 1503 644 1549 V
669 1508 719 1548 et
752 1516 775 1548 ν
809 1497 1002 1563 corpora
1034 1500 1081 1548 A
1115 1508 1163 1548 et
1197 1517 1225 1549 α
1258 1518 1340 1565 per
1374 1502 1576 1564 aequalia
1611 1507 1834 1570 tempora,
1871 1508 2008 1548 erunt
2042 1499 2129 1548 AB
2163 1501 2220 1548 ad
2253 1501 2313 1547 ab
2347 1508 2398 1548 ut
2437 1503 2479 1549 V
2506 1501 2563 1549 ad
2597 1518 2639 1561 νς
2674 1517 2786 1564 ergo

23 1587 24 1590 Ἴ
78 1597 333 1644 celeritates
372 1595 621 1660 productae
663 1598 708 1643 in
745 1597 1013 1659 corporibus
1047 1604 1181 1643 erunt
1217 1604 1269 1643 ut
1300 1593 1446 1650 VVV
1470 1595 1527 1642 ad
1557 1592 1662 1649 Vw
1696 1597 1724 1641 i.
1762 1611 1802 1642 e.
1839 1602 1893 1641 ut
1934 1596 1976 1642 V
2003 1594 2062 1642 ad
2095 1611 2141 1651 ν,
2191 1610 2270 1643 seu
2307 1595 2563 1643 celeritates
2596 1603 2701 1643 sunt
2734 1604 2786 1643 ut

81 1694 218 1746 vires3
252 1691 373 1739 unde
407 1707 492 1754 pro
529 1691 793 1738 Cartesianis
825 1689 977 1736 inferri
1011 1698 1187 1753 potest,
1224 1692 1341 1737 vires
1376 1704 1622 1752 corporum
1658 1705 1754 1736 esse
1781 1691 1826 1736 in
1854 1690 2044 1752 simplici
2074 1690 2354 1736 celeritatum
2380 1692 2571 1745 ratione3
2607 1698 2653 1736 et
2679 1690 2786 1737 hinc
2869 1739 2872 1742 Α

20 1823 22 1839 ,
77 1787 300 1848 sequitur,
355 1787 392 1832 si
433 1784 526 1832 duo
567 1785 772 1832 homines
811 1784 982 1831 tamdiu
1016 1787 1062 1831 in
1096 1800 1261 1848 corpus
1298 1786 1336 1832 B
1371 1799 1473 1831 suas
1509 1786 1626 1831 vires
1661 1791 1916 1841 exerceant,
1968 1782 2182 1846 quamdiu
2218 1799 2332 1831 unus
2366 1783 2503 1831 homo
2537 1798 2662 1831 suam
2697 1786 2785 1830 vim

76 1882 122 1926 in
155 1894 316 1941 eorpus
349 1877 413 1936 A,
452 1894 617 1941 corpus
655 1880 694 1925 B
727 1878 866 1939 duplo
901 1878 1118 1941 majorem
1150 1880 1477 1941 acquisiturum
1514 1879 1792 1925 celeritatem
1827 1894 1960 1940 quam
1995 1875 2054 1926 A.
2831 1946 2834 1947 γ

204 1971 232 2039 §
255 1973 380 2021 Xlll.
416 1973 477 2019 Ex
502 1973 626 2025 hisce
654 1979 705 2019 ut
730 1956 949 2035 quaedam
976 1975 1258 2020 consectaria
1287 1960 1529 2031 deducam,
1566 1975 1626 2019 sit
1653 1973 1772 2035 (Fig.
1795 1971 1907 2035 120)
1937 1972 2088 2019 tabula
2113 1968 2270 2032 αβγδ,
2296 1987 2430 2035 super
2457 1989 2543 2036 qua
2569 1976 2660 2020 sint
2688 1975 2784 2021 val-

79 2069 208 2117 vulae
243 2065 352 2126 cclf'e
385 2068 557 2130 plures,
593 2069 725 2130 plane
759 2068 877 2113 inter
910 2082 956 2113 se
994 2067 1205 2130 aequales
1239 2067 1496 2124 etsimiles,
1535 2068 1654 2113 circa
1681 2082 1782 2114 axes
1809 2067 1866 2113 cd
1892 2067 2080 2114 mobiles
2105 2075 2151 2113 et
2178 2069 2359 2130 proprio
2384 2066 2584 2130 pondere
2611 2070 2788 2115 incum-

18 2168 19 2176 ’
75 2165 235 2211 bentes
261 2164 307 2208 in
329 2158 388 2220 ef
401 2177 537 2224 super
559 2161 726 2208 tabula.
764 2162 833 2208 Sit
853 2161 949 2224 jam
975 2177 1139 2223 corpus
1165 2160 1211 2208 A
1238 2162 1316 2208 tali
1343 2161 1488 2223 gradu
1515 2162 1759 2208 celeritatis
1782 2177 1805 2208 c
1829 2161 2102 2224 praeditum,
2137 2177 2225 2224 qua
2252 2169 2407 2229 exacte
2434 2162 2656 2210 valvulam
2683 2160 2788 2220 cefc'l

16 2279 18 2329 ζ
75 2259 273 2315 elevare,
322 2263 376 2303 ut
415 2255 500 2302 sibi
535 2255 690 2302 subter
724 2255 845 2301 illam
881 2257 950 2302 via
985 2262 1157 2318 pateat,
1210 2258 1376 2318 possit,
1429 2262 1477 2302 et
1510 2255 1617 2303 huic
1653 2256 1887 2303 elevationi
1922 2262 2067 2303 totam
2100 2271 2226 2303 suam
2260 2255 2350 2313 vim
2386 2255 2660 2318 impendeat;
2713 2237 2786 2303 se-

74 2353 232 2414 quitur
260 2355 317 2396 'ex
350 2356 506 2395 nostra
540 2348 734 2406 theoria,
771 2349 809 2394 si
843 2363 1009 2410 corpus
1042 2346 1087 2394 A
1119 2347 1285 2395 habeat
1318 2349 1597 2395 celeritatem
1632 2348 1768 2412 hujus
1808 2348 2011 2410 duplam,
2063 2363 2221 2411 nempe
2258 2350 2337 2406 20,
2376 2355 2474 2394 tum
2509 2364 2638 2411 posse
2672 2350 2785 2396 illud

15 2421 17 2474 ἱ
76 2449 106 2491 ¹⁸·
140 2442 400 2509 hujusmodi
434 2442 638 2489 valvulas
671 2444 864 2504 aperire3
915 2444 951 2488 si
985 2443 1188 2489 celeritas
1223 2443 1321 2506 ejus
1356 2441 1496 2490 fuerit
1534 2446 1609 2500 30,
1651 2445 1680 2489 9
1718 2442 1939 2500 valvulas,
1980 2449 2026 2488 et
2061 2444 2124 2488 ita
2159 2457 2315 2504 porro,
2354 2439 2454 2489 fore
2489 2443 2661 2489 scilicet
2696 2458 2785 2489 nu-

14 2548 15 2560 *
76 2551 249 2585 merum
289 2536 564 2584 valvularum
605 2543 861 2599 apertarum
897 2510 947 2583 ut
982 2537 1227 2583 celeritatis
1260 2536 1544 2599 quadratum.
1603 2535 1744 2591 Quem
1780 2532 1993 2582 effectum
2028 2537 2110 2598 ipsi
2144 2535 2390 2583 Cartesiani
2425 2551 2592 2598 negare
2625 2539 2783 2599 utique

75 2645 167 2679 non
202 2637 436 2694 poterunt,
470 2632 507 2677 si
541 2631 699 2677 saltem
736 2629 1026 2678 considerent
1059 2643 1224 2693 eorpus
1256 2628 1302 2678 A
1333 2630 1526 2677 celerius
1561 2630 1701 2676 latum
1738 2628 1963 2675 valvulam
1998 2620 2130 2675 citius
2163 2630 2358 2691 aperire,
2397 2636 2446 2675 et
2478 2628 2534 2675 ad
2569 2629 2658 2677 hoc
2691 2646 2784 2677 non

12 2721 251 2782 ss,tantum
290 2727 505 2788 temporis
546 2727 714 2788 requiri
754 2732 801 2772 et
842 2740 935 2772 non
976 2731 1154 2771 tantum
1197 2725 1254 2772 de
1295 2740 1376 2772 sua
1421 2726 1465 2770 vi
1500 2725 1728 2781 amittere,
1770 2738 1823 2770 ac
1857 2724 1894 2769 si
1929 2722 2102 2769 tardius
2134 2724 2406 2770 incessisset.
2473 2724 2546 2771 An
2580 2723 2668 2772 hoc
2704 2740 2780 2770 ex·-

11 2821 13 2877 }
56 2820 319 2880 'perientiae
352 2821 411 2866 sit
445 2817 699 2878 conforme,
739 2817 872 2866 facile
908 2798 1173 2881 periculum»
1199 2815 1299 2867 fieri
1335 2826 1506 2883 potest,
1544 2825 1590 2865 et
1623 2833 1716 2880 quo
1751 2824 1903 2865 motus
1937 2818 2139 2880 corporis
2172 2832 2263 2864 non
2295 2833 2320 2864 a
2353 2819 2606 2865 resistentia
2641 2825 2783 2865 retar-

74 2911 225 2970 detur,
261 2913 413 2960 tabula
450 2921 666 2975 quantum
702 2909 894 2970 sufficit,
932 2913 1138 2959 inclinari
1173 2920 1339 2975 potest.
1396 2925 1398 2928 ’

205 3004 234 3073 §
269 3007 393 3055 XIV.
451 3008 510 3054 Et
553 3007 658 3055 hinc
697 3008 965 3054 Leibnitii
1005 3009 1228 3066 asseclae,
1281 3010 1356 3070 qui
1406 3010 1498 3055 vim
1547 3009 1752 3070 eorporis
1790 3023 1843 3054 ex
1884 3007 1983 3071 ejus
2022 3003 2262 3054 effectibus
2304 3009 2569 3064 metiuntur,
2623 3022 2779 3054 secure

75 3099 299 3149 deducere
335 3109 522 3165 possunt
556 3104 673 3148 vires
707 3117 948 3164 corporum
981 3117 1077 3149 esse
1111 3104 1158 3149 in
1193 3101 1424 3166 duplicata
1461 3103 1750 3150 velocitatum
1785 3105 1972 3150 ratione.
2024 3101 2190 3149 Contra
2217 3115 2351 3171 quam
2377 3101 2601 3163 sequelam
2628 3104 2779 3147 nescio

73 3193 181 3256 quid
215 3194 456 3242 Cartesiani
493 3211 671 3242 movere
706 3188 895 3258 possint.
2323 3180 2338 3193 ‘

202 3284 232 3353 §
266 3286 366 3335 XV.
436 3287 514 3335 Sin
555 3295 705 3335 autem
748 3288 952 3335 valvulae
985 3290 1117 3346 istae,
1170 3281 1293 3352 quod
1316 3264 1512 3352 'quidem
1547 3295 1707 3337 contra
1742 3303 1919 3337 omnem
1954 3295 2073 3335 esset
2105 3289 2348 3346 rationem,
2400 3289 2460 3334 ita
2495 3298 2778 3351 comparatae

72 3388 241 3439 essent,
277 3389 327 3430 ut
360 3381 514 3429 datum
548 3391 728 3445 tempus
762 3385 1021 3446 requiratur
1054 3381 1112 3430 ad
1147 3398 1284 3431 unam
1317 3382 1623 3446 aperiendam,
1663 3385 1756 3430 sive
1791 3397 1955 3445 corpus
1988 3383 2182 3429 celerius
2208 3384 2300 3429 sive
2326 3381 2501 3429 tardius
2526 3390 2772 3438 moveatur,

6 3479 7 3488 ¹
73 3483 171 3523 tum
205 3475 565 3539 Cartesianorum
604 3479 823 3524 sententia
866 3478 1018 3525 locum
1053 3477 1261 3532 haberet;
1313 3493 1479 3540 corpus
1517 3479 1634 3523 enim
1669 3477 1810 3540 duplo
1844 3478 2038 3524 celerius
2074 3484 2266 3534 motum,
2317 3475 2455 3538 duplo
2491 3477 2641 3538 plures
2677 3476 2774 3521 val—

0 3584 2 3613 ε
73 3569 202 3616 vulas
241 3572 413 3633 aperire
447 3579 619 3634 posset3
672 3572 790 3620 unde
830 3572 893 3619 illi
930 3573 1201 3619 sententiam
1235 3586 1360 3619 suam
1395 3567 1666 3620 confirmare
1702 3578 1900 3635 possent.
1969 3571 2140 3619 Verum
2174 3572 2287 3618 haee
2324 3570 2596 3617 valvularum
2630 3569 2775 3631 hypo-

56 3663 215 3717 thesis
248 3666 538 3727 impossibilis
572 3674 639 3713 est
673 3674 721 3714 et
752 3664 913 3714 futilis.

198 3755 228 3823 §
260 3757 380 3805 XVI.
418 3757 679 3821 Impellatur
711 3775 877 3823 corpus
912 3759 957 3807 A
995 3759 1116 3823 (Fig.
1145 3759 1259 3824 116)
1295 3762 1337 3808 vi
1372 3760 1519 3824 aliqua
1562 3761 1615 3817 V,
1652 3775 1768 3823 quae
1803 3759 1916 3806 illud
1951 3761 2192 3806 comitetur
2225 3773 2364 3820 usque
2400 3758 2443 3802 in
2479 3757 2531 3801 B.
2569 3755 2650 3811 Qui
2676 3756 2771 3819 jam

74 3850 232 3899 dicunt
264 3854 469 3915 corporis
503 3851 548 3900 A
581 3855 669 3900 vim
703 3861 800 3902 tum
835 3852 935 3903 fore
970 3857 1015 3902 in
1050 3857 1227 3903 ratione
1263 3856 1512 3918 composita
1546 3871 1598 3902 ex
1633 3857 1677 3902 vi
1711 3854 1971 3917 impellente
2011 3855 2054 3901 V
2079 3859 2124 3899 et
2157 3868 2207 3898 ex
2236 3853 2379 3913 spatio
2406 3849 2510 3908 AB,
2545 3866 2625 3912 per
2650 3851 2772 3914 quod

74 3945 362 4006 protruditur
395 3961 581 4009 corpus,
614 3963 666 3994 ex
700 3948 966 3996 Leibnitii
1004 3957 1131 4012 parte
1166 3956 1306 4004 stant3
1344 3956 1439 3997 tum
1476 3951 1594 3996 enim
1630 3950 1829 4005 eorporis
1871 3945 1910 3988 A
1941 3948 2007 3982 vis
2043 3952 2109 3977 Μ
2139 3951 2187 3967 ··“
2227 3946 2276 3990 V.
2290 3943 2394 4002 AB,
2428 3944 2636 3992 celeritas
2662 3960 2770 3979 ”nm

200 4053 231 4080 1..
251 4053 366 4082 Euleri
385 4055 434 4090 Op.
453 4054 592 4090 posthuma
611 4055 641 4081 T.
661 4055 700 4081 ll.
2461 4040 2490 4086 6
