2950 4276
305 158 411 214 180
1135 150 1192 203 L.
1232 148 1519 203 EULEm
1561 146 1787 201 OPERA
1826 146 2212 201 Pos‘fflUMA.
2720 119 2950 195 mm..

440 303 514 348 14.
565 301 920 356 nypotnests
943 303 995 344 Β.
1057 293 1208 344 Vires,
1257 291 1416 353 quibus
1461 291 1640 338 diversa
1685 305 1881 353 corpora
1918 291 1978 337 ab
2013 291 2186 338 eodem·
2205 305 2396 354 corpore
2434 294 2632 341 coelesti·
2650 296 2698 340 in
2735 294 2886 342 eadem
2920 297 2950 347 d

306 398 468 442 stantia
519 392 834 446 attrahuntur,
884 396 989 436 sunt
1037 394 1086 433 ut
1130 400 1279 432 eorum
1318 399 1512 439 massae,
1563 399 1618 432 ac
1659 387 1702 432 si
1739 385 1976 432 distantiae
2013 381 2191 443 fuerint
2229 385 2452 444 diversae,
2505 390 2720 436 rationem
2759 397 2950 452 sequani

306 489 584 549 compositam
616 500 675 531 ea:
708 487 881 542 ratione
914 495 1159 528 massarum
1189 487 1229 526 et
1259 481 1491 541 reciproce
1524 479 1759 541 duplicata
1791 479 2129 527 distantiarum.

439 580 510 625 15.
562 558 783 628 Col-oll-
819 588 867 627 1.
907 575 988 623 Vis
1020 588 1130 636 ergo
1155 574 1388 620 attractrix
1413 587 1653 635 corporum
1681 574 1946 621 coelestium
1972 572 2161 636 perinde
2195 589 2248 621 ac
2278 575 2476 636 gravitas
2500 576 2726 622 terrestris
2751 575 2950 627 secund·

301 673 596 733 quantitatem
638 671 846 717 materiae
889 671 935 716 in
976 682 1170 730 corpora
1204 668 1318 730 agit,
1372 668 1431 713 ita
1467 673 1522 713 ut
1555 668 1681 713 nisus
1715 666 1936 730 cujusque
1970 669 2174 730 corporis
2206 668 2267 714 sit
2299 667 2400 731 ejus
2435 682 2606 715 massae
2638 664 2950 732 proportionffl

301 762 522 826 siquidem
563 763 774 811 distantia
807 761 946 811 fuerit
978 761 1150 810 eadem.
2932 756 2950 804 t

439 859 511 904 16.
563 867 783 908 col-011.
809 870 860 912 2.
908 856 1003 904 Hae
1038 857 1177 918 igitur
1210 856 1332 902 vires
1365 853 1583 902 coelestes
1615 869 1806 917 corpora
1840 856 1967 918 quasi
2003 861 2263 918 penetrant,
2307 856 2353 902 in
2388 870 2548 918 eaque,
2589 862 2815 918 quatenus
2846 842 2950 907 inei

299 957 406 996 sunt
456 950 678 1013 praedita,
731 957 896 1013 agunt,
951 952 1014 997 ita
1065 950 1116 997 ut
1156 964 1246 1013 quo
1287 948 1431 1012 major
1471 946 1605 995 fuerit
1644 963 1787 995 massa
1828 949 2081 1013 cujuspiam
2123 950 2351 1013 corporis,
2401 947 2504 996 ideo
2543 946 2708 998 fortius
2740 964 2767 997 a
2799 937 2950 1013 quolifi'

301 1059 489 1107 corpore
523 1045 707 1092 coelesti
741 1044 1009 1091 attrahatur.
2551 1078 2554 1081 >
2799 1087 2802 1093 ,
2901 1029 2950 1087 .AE

436 1140 511 1185 17.
567 1146 782 1189 col-011.
808 1151 862 1191 3.
928 1138 1045 1184 Hinc
1093 1138 1181 1195 vis,
1236 1151 1325 1200 qua
1373 1149 1542 1199 corpus
1590 1133 1780 1198 quodvis
1826 1134 1887 1184 ad
1933 1135 2119 1200 aliquod
2167 1152 2331 1200 corpus
2374 1136 2573 1185 coeleste
2618 1134 2881 1194 attrahitur,
2924 1126 2950 1189 ᾖ

298 1239 594 1295 aggregatum
635 1234 833 1279 omnium
874 1233 1036 1279 virium
1078 1230 1439 1287 elementarium,
1493 1229 1658 1293 quibus
1690 1229 1868 1294 singula
1900 1233 2105 1295 corporis
2138 1231 2360 1280 elementa
2392 1246 2475 1295 pro
2506 1232 2682 1279 ratione
2714 1218 2950 1281 massaezffl¹

297 1327 482 1373 inertiae
515 1326 830 1374 sollicitantur.
2623 1333 2628 1341 '
2918 1322 2939 1390 ρ’

433 1421 506 1467 18.
573 1428 872 1470 Scholion.
937 1419 1005 1468 De
1044 1419 1313 1483 corporibus
1354 1421 1475 1468 circa
1512 1426 1680 1468 terram
1721 1421 1818 1467 sitis
1857 1434 1938 1484 per
1977 1421 2279 1483 experimenta
2320 1426 2392 1467 est
2429 1421 2623 1467 evictum
2656 1434 2812 1468 eorum
2843 1405 2950 1482 gr&

296 1520 434 1560 tatem
480 1530 560 1562 seu
599 1514 780 1577 pondus
819 1516 1018 1577 ipsorum
1058 1528 1227 1561 massae
1267 1529 1365 1561 esse
1409 1514 1764 1578 proportionale,
1813 1530 1919 1563 cum
1952 1515 2156 1577 singulae
2192 1514 2436 1577 particulae
2469 1515 2652 1561 seorsim
2688 1499 2950 1576 gravitent'il

295 1610 466 1656 ratione
499 1624 683 1656 massae.
750 1608 898 1665 Quare
937 1624 1041 1656 cum
1082 1610 1149 1655 vis
1188 1610 1421 1655 attractrix
1461 1624 1702 1672 corporum
1737 1609 2004 1657 coelestium
2037 1611 2135 1672 pari
2169 1610 2346 1657 ratione
2379 1610 2440 1656 sit
2471 1614 2725 1671 comparata
2758 1605 2950 1670 atque*

293 1705 527 1765 gravitatis
558 1703 756 1761 telluris,
791 1703 966 1750 nullum
1000 1704 1134 1750 etiam
1169 1710 1239 1749 est
1272 1702 1479 1761 dubium,
1516 1705 1622 1766 quin
1656 1719 1814 1752 eorum
1846 1705 1964 1751 vires
1998 1718 2151 1767 parem
2185 1710 2432 1766 sequantur
2464 1702 2612 1764 legem
2642 1708 2778 1764 atque
2800 1685 2950 1764 corp&

291 1804 482 1844 attracta
532 1813 613 1860 pro
661 1799 833 1844 ratione
880 1798 1090 1844 materiae
1132 1811 1212 1844 seu
1252 1812 1420 1843 massae
1461 1793 1683 1848 afficiunt.
1752 1797 1884 1846 Unde
1918 1799 1954 1844 si
1991 1797 2195 1860 singulae
2230 1799 2434 1860 corporis
2467 1795 2712 1860 particulae
2745 1810 2772 1843 a
2803 1795 2950 1858 corpu

292 1891 477 1937 coelesti
511 1907 652 1953 aeque
685 1891 876 1948 distent,
910 1890 1034 1953 quod
1066 1892 1242 1937 evenire
1277 1890 1556 1938 censendum
1591 1898 1680 1949 est,
1717 1893 1759 1938 si
1789 1891 2055 1954 magnitudo
2089 1892 2292 1953 corporis
2322 1893 2501 1937 attracti
2527 1905 2634 1953 prae
2660 1889 2760 1953 ejus
2783 1864 2950 1956 dista*

290 1999 315 2031 a
350 1992 507 2032 centro
542 1987 750 2047 corporis
782 1985 1053 2032 attrahentis
1087 1993 1178 2032 tam
1212 1986 1272 2031 sit
1306 1987 1465 2046 exigua
1500 1992 1550 2032 ut
1583 2000 1665 2047 pro
1698 1985 1842 2033 nihilo
1875 1987 2074 2048 reputari
2109 1991 2266 2048 queat,
2307 1985 2512 2047 singulae
2546 1986 2665 2031 vires
2695 1984 2836 2031 eleme

288 2085 420 2124 erunt
450 2079 659 2141 aequales
693 2079 778 2125 sub
813 2078 1139 2126 directionibus
1172 2080 1291 2125 inter
1324 2093 1372 2125 se
1405 2079 1648 2141 parallelis·
1682 2078 1880 2142 hincque
1914 2081 1982 2126 vis
2014 2086 2110 2126 tota
2146 2093 2299 2126 earum
2325 2092 2524 2125 summae
2549 2078 2771 2146 aequalis,
2806 1966 2950 2234 ejlffl

286 2170 475 2219 directio
526 2187 606 2235 per
654 2180 860 2219 centrum
913 2174 1098 2219 inertiae
1140 2174 1344 2235 corporis
1384 2174 1567 2219 attracti
1608 2175 1796 2220 transire
1837 2180 1906 2220 est
1945 2172 2186 2220 censenda.
2256 2172 2338 2220 Sin
2378 2178 2530 2219 autem
2571 2173 2779 2234 corporis
2811 2177 2858 2246 at

285 2264 551 2327 magnitudo
592 2265 651 2312 ad
692 2266 952 2313 distantiam
993 2281 1019 2312 a
1060 2274 1219 2329 centro
1259 2268 1464 2329 corporis
1496 2265 1768 2313 attrahentis
1800 2267 2047 2315 notabilem
2081 2273 2235 2314 teneat
2266 2268 2507 2324 rationem,
2559 2272 2610 2313 ut
2642 2267 2760 2312 vires
2791 2264 2890 2311 ele
2926 2266 2948 2284 ·’

286 2366 430 2417 tares,
461 2361 624 2422 quibus
658 2361 835 2423 singula
869 2363 1074 2423 corporis
1107 2360 1326 2407 elementa
1351 2360 1663 2418 attrahuntur,
1702 2376 1846 2424 neque
1874 2376 1956 2423 pro
1981 2360 2263 2424 aequalibus,
2298 2360 2358 2408 ob
2385 2359 2641 2422 inaequales
2664 2358 2837 2405 elemen
2934 2360 2946 2394 Γ

284 2453 538 2512 distantias,
574 2470 719 2518 neque
753 2454 1025 2502 directiones
1058 2469 1140 2517 pro
1174 2432 1400 2517 parallelis
1435 2457 1552 2502 inter
1585 2470 1634 2502 se
1669 2455 1825 2502 haberi
1859 2462 2045 2518 queant,
2082 2457 2152 2501 vis
2183 2461 2280 2501 tota
2314 2453 2418 2501 inde
2445 2453 2626 2500 demum
2652 2468 2732 2516 per
2756 2451 2852 2500 calc
2882 2463 2942 2505 m

282 2555 351 2594 est
385 2548 657 2611 colligenda3
710 2548 907 2615 hincque
942 2550 1122 2595 evenire
1154 2556 1328 2610 potest,
1379 2556 1433 2596 ut
1465 2550 1528 2596 vis
1562 2556 1659 2597 tota
1695 2565 1840 2612 neque
1875 2564 2045 2596 massae
2078 2550 2284 2611 corporis
2316 2550 2497 2596 attracti
2531 2549 2591 2594 sit
2623 2548 2853 2619 proportio
2884 2545 2909 2557 ’

277 2832 608 2877 vires'tantum
642 2831 932 2877 elementares
964 2828 1188 2892 praefatas
1224 2830 1354 2893 leges
1387 2839 1648 2893 sequantur.
1718 2830 1848 2879 Unde
1882 2830 2096 2895 deinceps
2131 2833 2250 2878 vires
2282 2837 2424 2887 totae,
2462 2830 2624 2894 quibus
2657 2843 2850 2893 corpora
2927 2865 2932 2882 .,

269 2925 371 2988 jora
405 2924 716 2982 attrahuntur,
752 2941 834 2988 per
868 2926 1050 2988 regulas
1085 2927 1268 2972 staticas
1304 2924 1484 2972 demum
1520 2912 1676 2989 colligi
1711 2925 1921 2973 debeant.

415 3050 487 3095 19.
542 3057 899 3108 nypothesis
926 3061 980 3102 3.
1035 3049 1237 3109 Corpora
1271 3050 1470 3096 coelestia
1505 3052 1552 3096 in
1586 3050 1851 3112 aequalibus
1883 3051 2108 3098 distantiis
2140 3064 2188 3096 eo
2222 3052 2417 3111 maJ‘ores
2450 3056 2637 3095 exerunt
2669 3051 2781 3095 vires
2804 3055 2852 3094 at
2899 3040 2915 3058 ⁵

273 3145 426 3211 trices,
460 3157 546 3203 quo
581 3144 772 3203 majores
805 3137 980 3198 fuerint
1014 3145 1209 3205 ipsorum
1240 3157 1431 3200 massae,
1468 3152 1600 3206 atque
1635 3127 1680 3190 in
1715 3145 2023 3206 inaequalibus
2048 3144 2273 3192 distantiis
2298 3147 2411 3190 vires
2435 3144 2715 3190 attractrices
2739 3156 2873 3212 corpo

273 3237 522 3283 coelestium
557 3243 661 3283 sunt
695 3239 740 3281 in
775 3233 948 3283 ratione
981 3240 1216 3299 composita
1249 3252 1499 3285 massarum
1532 3246 1576 3284 et
1606 3240 1845 3302 reciproca
1879 3239 2109 3302 duplicata
2143 3238 2476 3286 distantiarum.

361 3405 375 3414 ,
403 3359 482 3406 20.
531 3368 750 3410 coron.
783 3371 830 3412 1.
885 3360 1000 3406 Hinc
1043 3361 1080 3406 si
1122 3375 1266 3407 massa
1307 3352 1515 3422 corporis
1536 3358 1761 3423 icoelestis
1805 3358 1942 3409 fuerit
1982 3358 2129 3418 ΞΑ,
2181 3363 2228 3408 in
2271 3359 2486 3408 distantia
2517 3377 2555 3407 ω
2587 3361 2645 3408 ab
2679 3361 2781 3424 ejus
2841 3390 2866 3423 Δ»,

270 3464 359 3509 erit
392 3464 460 3509 vis
494 3464 726 3511 attractrix
757 3469 810 3510 ut
847 3441 924 3539 ᾗ,
959 3479 1072 3527 quae
1105 3471 1344 3527 propterea
1377 3471 1449 3512 est
1482 3463 1656 3512 directe
1690 3472 1742 3514 ut
1775 3480 1922 3514 massa
1956 3467 2163 3529 corporis
2194 3464 2462 3513 attrahentis
2488 3462 2548 3523 A,
2583 3472 2629 3512 et
2655 3467 2897 3545 reciproca

270 3565 535 3628 quadratum
571 3566 807 3614 distantiae
843 3569 898 3615 ab
935 3569 1031 3632 ejus
1064 3576 1239 3617 centro.

400 3662 478 3708 21.
530 3669 752 3712 Col-011.
783 3674 835 3715 2.
891 3662 1012 3710 Haec
1053 3672 1203 3711 autem
1245 3663 1313 3711 lex
1351 3670 1528 3711 tantum
1562 3663 1699 3722 valet,
1752 3666 1789 3712 si
1825 3665 2025 3727 corporis
2057 3665 2236 3712 attracti
2270 3678 2415 3717 massa
2448 3661 2588 3711 fuerit
2618 3662 2797 3718 eadem;
2846 3666 2903 3710 ³22

268 3756 376 3816 quin
417 3756 534 3802 enim
572 3771 678 3802 cum
720 3755 796 3802 illa
831 3758 1001 3804 ratione
1041 3760 1287 3822 composita
1322 3760 1504 3821 insuper
1537 3758 1653 3806 r'atio
1687 3766 1857 3807 massae
1893 3760 2095 3822 corporis
2127 3760 2306 3807 attracti
2342 3758 2560 3822 conjungi
2595 3756 2751 3812 debet,
2800 3769 2891 3804 sem

269 3845 372 3894 dum
406 3846 669 3912 hypothesin
703 3848 1055 3913 praecedentem.
2842 3851 2846 3854 ⁵
