2950 4276
918 203 969 254 E
968 194 1208 257 mehdatio
1244 205 1511 258 tabularum
1546 207 1803 261 lunarium.
2602 221 2702 268 355

15 343 215 402 licuerit,
257 342 360 391 inde
399 359 504 391 vera
544 343 778 406 parallaxis
826 345 932 390 solis
978 345 1268 393 horizontalis
1308 347 1520 412 concludi
1561 351 1750 412 poterit,
1789 350 1990 416 haecque
2033 354 2282 402 certissima
2323 355 2502 403 videtur
2538 358 2607 404 via
2649 359 2705 405 ad

15 439 318 500 ‚agnitionem
355 452 486 484 verae
519 436 752 499 parallaxis
783 437 891 484 solis
924 437 1213 486 horizontalis
1245 441 1548 501 perveniendi.

146 530 175 596 §
209 532 254 578 3.
306 530 477 578 Deinde
510 530 618 576 mihi
652 529 834 592 quidem
868 546 923 578 eo
958 533 1100 592 magis
1132 533 1189 578 ad
1223 533 1556 582 observationes
1588 533 1941 599 confugiendum
1976 547 2064 597 est,
2098 542 2135 586 si
2169 541 2345 589 tabulas
2371 557 2492 591 meas
2523 543 2705 592 lunares

15 620 232 690 perficere
267 625 424 678 velim,
475 623 595 686 quod
636 622 694 670 ad
733 625 1017 686 aequationes
1057 631 1228 686 septem
1268 625 1354 672 loci
1395 625 1526 672 lunae
1563 627 1778 675 exhibitas
1817 630 1968 678 adhuc
2001 632 2136 695 adjici
2173 633 2308 681 debet
2340 641 2522 694 octava,
2572 638 2704 701 qu'us

14 725 331 783 argumentum
366 717 618 773 obtinetur,
653 719 689 763 si
725 731 750 763 a
786 716 920 778 dupla
955 716 1166 763 distantia
1200 719 1308 764 solis
1340 733 1365 764 a
1401 719 1504 765 luna
1540 720 1831 768 subtrahatur
1862 722 1997 786 dupla
2031 727 2250 774 anomalia
2280 728 2411 775 lunae
2437 733 2703 779 excentrica.

0 809 244 863 'flalculum
280 813 398 857 enim
438 826 491 856 ex
530 810 702 856 theoria
742 811 979 857 instituens
1018 808 1148 856 facile
1181 813 1405 873 perspexi,
1448 811 1565 859 hanc
1605 816 1917 875 aequationem
1951 823 2120 864 tantam
2154 815 2274 877 fleri,
2326 829 2378 867 ut
2418 824 2512 869 sine
2554 839 2705 871 errore

0 906 139 969 adjici
182 913 394 967 nequeat,
446 905 524 952 sed
566 905 619 951 ad
661 905 762 967 ejus
801 906 1096 966 quantitatem
1147 901 1579 953 definiendam.tam
1615 907 1774 969 prolixi
1809 916 1856 954 et
1894 910 2070 957 molesti
2112 913 2272 959 calculi
2323 916 2430 961 mihi
2483 917 2705 965 subeundi

0 996 226 1057 mussent,
277 1008 326 1046 ut
369 999 426 1046 ad
466 999 587 1047 hunc
628 998 831 1046 laborem
870 998 1204 1061 suscipiendum
1247 1015 1317 1046 me
1356 1000 1660 1048 >determinare
1702 1018 1790 1048 non
1832 1005 2072 1065 potuerim.
2129 1004 2194 1052 Eo
2234 1014 2383 1054 autem
2428 1025 2497 1056 me
2530 1007 2706 1058 facilius

0 1093 302 1157 supersedere
337 1109 466 1156 posse
500 1107 600 1140 sum
635 1092 899 1164 arbitratus,
944 1096 1155 1154 quoniam
1189 1094 1301 1140 haec
1335 1097 1426 1156 ipsa
1462 1097 1749 1158 inaequalitas
1783 1112 1834 1142 ex
1869 1098 2260 1145 observationibus
2296 1101 2502 1148 concludi
2539 1113 2702 1164 posset,

0 1188 73 1238 lh·
93 1201 184 1248 quo
216 1188 252 1233 si
287 1185 468 1248 quidem
503 1187 698 1248 reliquae
733 1187 1017 1247 aequationes
1044 1188 1141 1232 >sint
1175 1188 1410 1248 cognitae,
1444 1203 1536 1235 non
1570 1188 1812 1235 admodum
1847 1192 1983 1236 errari
2018 1192 2198 1252 poterit.
2259 1190 2369 1238 Cum
2404 1195 2522 1240 enim
2555 1203 2707 1242 osten-

0 1268 178 1349 lssflerim,
225 1280 344 1327 hanc
371 1282 703 1335 ,correctionem
744 1281 856 1326 sinui
897 1280 1072 1341 anguli,
1124 1282 1198 1342 qui
1243 1289 1462 1337 remanet,
1515 1283 1553 1327 si
1594 1280 1730 1343 dupla
1773 1283 1989 1329 anomalia
2043 1283 2173 1330 lunae
2214 1288 2464 1333 excentrica
2506 1301 2531 1332 a
2571 1287 2706 1350 dupla

0 1354 220 1438 liuentia
259 1375 369 1421 solis
409 1389 434 1421 a
474 1374 580 1421 luna
619 1373 932 1430 subtrahatur,
983 1389 1078 1419 esse
1118 1375 1514 1435 proportionalem,
1568 1390 1619 1421 ea
1668 1377 1853 1422 maxima
1896 1378 2002 1432 erit,
2054 1379 2088 1423 si
2138 1380 2220 1424 iste
2257 1379 2452 1441 angulus
2503 1381 2707 1429 residuus

11 1464 147 1530 fierit
179 1474 352 1526 rectus3
387 1467 511 1531 quod
537 1470 582 1514 in
609 1470 802 1529 syzygiis
828 1469 999 1524 evenit,
1037 1469 1073 1513 si
1108 1468 1326 1515 anomalia
1363 1468 1493 1514 lunae
1527 1471 1780 1515 excentrica
1814 1458 1951 1516 fuerit
1979 1471 2050 1517 vel
2076 1471 2178 1529 145⁰,
2205 1473 2277 1519 vel
2310 1473 2440 1531 135⁰,
2471 1475 2540 1521 vel
2568 1476 2705 1532 225⁰,

15 1553 87 1614 bi
113 1562 247 1611 3¹5⁰.
301 1562 488 1619 Quando
514 1570 662 1609 autem
696 1564 790 1623 ipsa
812 1564 1021 1624 aequatio
1057 1562 1253 1623 elliptica
1287 1570 1355 1608 est
1387 1564 1595 1620 maxima,
1631 1564 1708 1610 illa
1741 1566 1949 1626 aequatio
1985 1567 2230 1620 evanescit3
2265 1562 2385 1612 unde
2420 1561 2707 1630 investigatio

12 1642 224 1710 mimae
257 1659 532 1719 aequationis
566 1657 788 1718 ellipticae
823 1656 878 1702 ab
912 1658 998 1702 ista
1025 1658 1290 1718 aequatione
1319 1658 1560 1703 etiamnum
1588 1659 1819 1719 incognita
1846 1673 1935 1704 non
1962 1658 2217 1720 impeditur.
2269 1659 2500 1721 Siquidem
2523 1661 2709 1708 Tabulis

12 1739 145 1806 Euae
178 1751 444 1799 Cassinianis
476 1748 615 1798 fidem
654 1750 967 1806 adhibeamus,
1011 1752 1048 1797 is
1091 1751 1208 1798 hanc
1250 1751 1608 1813 inaequalitatem
1642 1752 1737 1814 jam
1778 1751 2114 1811 animadvertit,
2155 1768 2361 1815 eamque,
2403 1754 2478 1800 ubi
2521 1757 2708 1802 maxima

22 1895 33 1906 Α,
87 1880 102 1902 ,
150 1847 309 1893 statuit
353 1839 411 1902 ἶν’,
463 1861 577 1909 quae
617 1848 663 1891 in
706 1860 779 1891 sex
819 1844 1045 1907 prioribus
1084 1846 1225 1907 signis
1261 1844 1319 1891 ad
1353 1845 1503 1892 locum
1539 1846 1668 1892 lunae
1703 1845 1827 1903 addi,
1881 1848 1925 1892 in
1961 1861 2034 1892 sex
2069 1847 2391 1909 posterioribus
2429 1862 2534 1895 vero
2565 1848 2620 1894 ab
2654 1863 2709 1895 eo

15 1933 214 1990 fibtrahi
249 1939 423 1989 debeat.

11 1999 88 2182 ἰ
141 2031 171 2099 §
205 2036 251 2080 Ιι.
304 2032 371 2080 Ne
405 2042 554 2080 autem
591 2033 834 2081 multitudo
867 2035 1182 2095 aequationum
1218 2035 1547 2080 correctionem
1581 2034 1836 2081 tabularum
1871 2049 2068 2081 mearum
2104 2049 2183 2097 per
2218 2034 2547 2083 observationes
2580 2038 2709 2083 insti-

89 2128 221 2177 ndam
255 2127 486 2190 impediat,
522 2129 758 2175 conveniet
792 2126 1013 2190 ejusmodi
1047 2133 1223 2173 tantum
1258 2127 1598 2174 observationes
1632 2129 1677 2174 in
1708 2127 1833 2174 hunc
1868 2124 2003 2174 finem
2036 2127 2261 2186 adhiberi,
2298 2143 2412 2190 quae
2447 2131 2492 2176 in
2518 2132 2708 2191 syzygiis

38 2187 45 2196 ι

2 2222 388 2279 3institutae3
426 2229 525 2268 tum
557 2222 700 2275 enim,
741 2222 798 2268 ob
833 2220 1088 2267 distantiam
1122 2221 1229 2266 solis
1262 2235 1286 2266 a
1329 2221 1432 2268 luna
1470 2221 1540 2267 vel
1575 2219 1643 2277 0⁰,
1681 2221 1753 2267 vel
1792 2220 1926 2279 180⁰,
1971 2236 2128 2268 omnes
2166 2224 2456 2283 aequationes
2499 2223 2557 2270 ad
2597 2223 2710 2271 duas

3 2296 5 2380 L
34 2324 190 2382 [mltum
225 2316 527 2369 reducuntur,
562 2330 751 2377 quarum
779 2290 922 2362 altera
957 2314 1012 2360 ab
1045 2314 1266 2362 anomalia
1301 2315 1430 2361 lunae
1465 2314 1632 2371 media,
1678 2315 1819 2362 altera
1853 2314 1910 2362 ab
1948 2316 2166 2362 anomalia
2200 2316 2306 2362 solis
2339 2315 2484 2363 media
2519 2316 2707 2380 pendet:

16 2403 128 2477 βε
161 2412 312 2468 binae,
347 2413 384 2457 si
416 2409 590 2479 fuerint
622 2425 702 2473 per
735 2410 1074 2456 ohservationes
1108 2407 1388 2465 emendatae,
1425 2410 1558 2455 simul
1591 2424 1746 2455 omnes
1773 2411 2090 2471 aequationum
2118 2409 2320 2466 tabulae,
2357 2425 2472 2471 quae
2499 2410 2554 2457 ad
2578 2411 2709 2457 lunae

4 2495 277 2553 i·'‘tionem
311 2519 622 2567 quamcunque
657 2511 886 2566 spectant,
922 2503 1024 2550 inde
1060 2504 1229 2564 corrigi
1264 2509 1495 2565 poterunt.
1552 2501 1814 2549 Condantur
1848 2504 1965 2549 enim
1999 2517 2049 2549 ex
2091 2505 2201 2549 meis
2233 2502 2400 2550 tabulis
2434 2505 2543 2549 istae
2579 2504 2708 2550 binae

5 2601 20 2660 ,ι
76 2600 305 2660 “syzygias
339 2597 660 2644 accomodatae
696 2597 896 2652 tabulae,
931 2604 1063 2658 atque
1099 2598 1145 2642 in
1185 2611 1260 2652 ea,
1294 2611 1407 2658 quae
1431 2595 1486 2641 ab
1514 2595 1730 2642 anomalia
1755 2596 1862 2642 solis
1886 2595 2031 2641 media
2066 2594 2256 2657 pendet,
2292 2598 2498 2657 aequatio
2527 2598 2710 2642 maxima

145 2685 340 2748 13'12''‚
381 2695 427 2739 in
467 2691 607 2738 altera
649 2706 782 2747 vero,
835 2691 968 2754 cujus
1017 2697 1333 2751 argumentum
1383 2697 1453 2736 est
1493 2689 1710 2736 anomalia
1751 2690 1880 2736 lunae
1923 2687 2089 2745 media,
2141 2688 2326 2734 maxima
2376 2692 2581 2750 aequatio
2627 2692 2712 2736 erit

49 2779 66 2849 ⁷*
86 2778 128 2832 1'
138 2778 245 2832 trd'.
307 2785 431 2842 Quae
465 2787 501 2831 si
535 2784 925 2846 observationibus
960 2783 1112 2830 debito
1147 2781 1283 2830 modo
1318 2783 1493 2829 collatis
1528 2782 1670 2844 major
1713 2783 1910 2827 minorve
1950 2783 2220 2848 reperiatur,
2265 2783 2310 2827 in
2353 2781 2507 2827 eadem
2542 2785 2712 2829 ratione

7 2871 305 2942 ὣςυεῑίοιιεε
336 2879 591 2926 tabularum
626 2878 667 2936 l,
697 2878 756 2925 lv
787 2885 836 2923 et
860 2877 902 2924 V
936 2880 1090 2940 augeri
1125 2879 1317 2923 minuive
1353 2876 1598 2924 debebunt.
1659 2875 1801 2922 Simili
1835 2874 1992 2932 modo,
2027 2877 2063 2921 si
2097 2876 2303 2937 aequatio
2339 2875 2494 2921 solaris
2528 2877 2710 2922 maxima

8 2964 36 2974 ”
72 3007 75 3009 -
129 2970 380 3019 ehendatur
431 2972 572 3035 major
621 2973 822 3018 minorve
866 2986 998 3033 quam
1049 2962 1238 3026 13'12''‚
1286 2971 1578 3031 aequationes
1616 2968 1873 3015 tabularum
1916 2967 1976 3024 11,
2014 2966 2077 3014 Vl
2119 2974 2166 3013 et
2199 2966 2282 3013 Vll
2324 2967 2714 3029 proportionaliter

0 3064 12 3084 ”
81 3066 317 3113 ¹mutandae
350 3073 497 3113 erunt.

0 3398 1 3414 χ
71 3340 73 3344 ’
109 3360 230 3411 :ceps
262 3347 455 3394 docebo:
498 3346 777 3410 Colligantur
817 3352 888 3392 tot
926 3345 1186 3410 hujusmodi
1229 3345 1325 3392 loca
1362 3346 1491 3392 lunae
1526 3359 1578 3391 ex
1612 3344 1960 3390 accuratissimis
1994 3342 2222 3403 eclipsium
2264 3341 2395 3387 lunae
2430 3341 2744 3387 observatio-‘

0 3415 2 3442 ᾖ
88 3464 173 3500 ιιῑ,
221 3449 333 3506 quot
371 3415 549 3505 quidem
591 3441 828 3489 intervallo
866 3438 1000 3490 unius
1041 3439 1289 3488 duorumve
1331 3440 1588 3487 seculorum
1629 3439 1889 3485 ultimorum
1933 3436 2121 3483 obtineri
2164 3443 2364 3498 possunt.
2423 3434 2520 3490 Quo
2561 3434 2710 3495 plures

95 3558 128 3578 ιιι
186 3535 444 3601 hujusmodi
488 3536 586 3583 loca
628 3537 758 3582 lunae
800 3538 844 3581 in
887 3535 1136 3582 subsidium
1179 3541 1425 3591 vocantur,
1475 3549 1530 3580 eo
1569 3518 1712 3594 magis
1746 3532 2078 3583 conclusiones,
2127 3545 2240 3592 quae
2291 3528 2392 3574 inde
2444 3525 2707 3582 formantur,

104 3630 198 3678 ‘ti
231 3638 360 3678 erunt
391 3637 730 3677 consentaneae.
791 3628 943 3691 Neque
977 3636 1128 3676 tamen
1160 3627 1218 3675 ad
1252 3630 1383 3675 nimis
1416 3630 1621 3690 antiquas
1661 3626 1994 3674 observationes
2036 3622 2211 3684 regredi
2253 3621 2403 3676 velim,
2445 3633 2548 3667 cum
2590 3620 2709 3681 quod

4 3757 7 3764 -
92 3758 98 3762 -
133 3738 222 3772 non
257 3727 367 3773 satis
399 3724 598 3772 studiose
632 3726 722 3771 sint
755 3726 1011 3781 institutae,
1044 3730 1139 3771 tum
1174 3738 1281 3771 vero
1316 3723 1552 3785 imprimis,
1588 3720 1710 3784 quod
1747 3721 1875 3767 locus
1909 3719 2040 3765 lunae
2076 3714 2246 3762 medius
2279 3729 2358 3776 pro
2386 3715 2515 3760 nimis
2543 3728 2707 3775 magno

129 3841 162 3861 ··
199 3821 236 3866 's
273 3820 696 3882 spatiomonsatis
734 3816 945 3879 cognitus
987 3817 1182 3865 videtur.
1242 3816 1442 3864 Collecto
1485 3830 1596 3878 ergo
1638 3815 1805 3877 ingenti
1855 3809 2111 3874 hujusmodi
2165 3808 2526 3855 observationum
2577 3807 2710 3854 lunae

20 3901 22 3907 ⁸
54 3903 68 3915 ’”
100 3924 228 3968 =ero,
261 3911 320 3959 ad
354 3913 631 3976 singularum
667 3919 893 3959 momenta
936 3918 1261 3975 computentur
1301 3911 1433 3958 lunae
1474 3910 1571 3956 loca
1614 3906 1781 3963 media,
1823 3904 2041 3966 simulque
2082 3903 2141 3950 ob
2181 3915 2312 3948 usum
2353 3897 2465 3946 insra
2508 3899 2711 3948 indican-

2405 3992 2429 4019 fi
