2950 4276
24 405 60 439 1ss

0 963 75 1019 1¹>-
1151 960 1166 971 ⁸
1261 958 1379 1025 XI.

12 1235 77 1285 ki.
794 1192 1324 1256 Astronomia
1378 1193 1879 1257 mechanica.

35 1625 108 1666 ,Ψὶ
347 1608 350 1612 ·
568 1629 574 1634 -
1145 1602 1416 1659 caput
1463 1603 1519 1650 1.

0 1720 70 1811 [2³3
103 1727 117 1743 f
450 1737 539 1791 De
578 1737 837 1801 viribuS,
886 1736 1102 1806 quibus
1140 1752 1401 1806 corpora
1441 1735 1743 1789 coelestia
1782 1732 2216 1811 sollicitantur.

0 1900 86 1958 μυ
116 1885 156 1931 ¹.
205 1891 487 1934 Definitio
511 1891 560 1933 1.
623 1879 912 1930 Astronomc'a
959 1882 1219 1930 mechanica
1267 1888 1338 1929 est
1382 1883 1575 1929 scientia
1625 1887 1776 1930 motus
1816 1890 2061 1945 corporum
2098 1881 2362 1930 coelestium
2404 1898 2457 1930 ex
2496 1885 2683 1943 viribus,

0 1960 144 2034 *itibus
174 1977 495 2040 sollicitantur,
529 1975 873 2024 determinandi.
969 1954 972 1956 i
1263 1975 1269 1981 ’
1908 1948 1913 1959 r

0 2036 97 2148 {209
111 2073 178 2120 2.
205 2080 427 2124 coron.
452 2079 501 2123 1.
551 2071 757 2134 Cognitis
790 2071 979 2129 viribus,
1031 2071 1195 2134 quibus
1228 2087 1420 2157 corpora
1454 2071 1663 2119 coelestia
1698 2071 2021 2129 sollicitantur,
2072 2087 2228 2119 eorum
2264 2080 2413 2121 motus
2445 2090 2527 2137 per
2560 2079 2686 2139 prin-

0 2165 106 2256 {m
131 2167 391 2214 mechanica
426 2167 769 2223 determinatur,
823 2181 876 2212 ex
909 2182 999 2229 quo
1033 2167 1147 2214 haec
1182 2160 1369 2214 scientia
1401 2182 1570 2214 nomen
1603 2165 1918 2213 Astronomiae
1952 2166 2241 2213 mechanicae
2275 2160 2348 2215 est
2378 2168 2553 2232 adepta.

0 2259 95 2325 {21⁰1
115 2263 159 2310 3.
207 2272 431 2313 col-oll-
456 2270 506 2314 2.
564 2261 686 2308 Ante
735 2262 886 2308 omnia
934 2275 1048 2323 ergo
1091 2263 1209 2308 vires
1247 2277 1382 2309 nosse
1425 2267 1632 2323 oportet,
1684 2261 1847 2322 quibus
1889 2276 2077 2323 corpora
2118 2261 2332 2308 coelestia
2372 2263 2685 2325 sollicitantur,

0 2367 169 2416 imum
211 2357 413 2418 cognitio
468 2371 573 2403 cum
631 2371 684 2402 ex
741 2357 833 2403 suis
880 2357 1030 2403 causis
1078 2357 1296 2418 cognosci
1348 2362 1571 2418 nequeat,
1632 2370 1784 2402 earum
1835 2353 2034 2402 indolem
2090 2370 2143 2401 ex
2202 2357 2308 2418 ipsis
2364 2356 2688 2419 Phaenomenis

0 2426 172 2517 *ri
204 2452 433 2498 convenit.

0 2550 1 2553 ’
32 2559 34 2562 ·
77 2583 89 2601 ,
118 2547 163 2592 10.
207 2554 430 2596 coron·
460 2558 515 2599 8.
572 2543 620 2591 Si
661 2546 780 2591 enim
827 2560 1019 2607 corpora
1066 2527 1278 2593 coelestia
1330 2561 1355 2592 a
1395 2545 1535 2592 nullis
1576 2544 1747 2592 viribus
1786 2545 2159 2601 sollicitarentur,
2209 2546 2387 2607 singula
2427 2548 2496 2595 vel
2537 2552 2689 2612 quies-

0 2645 161 2695 ‚vana
193 2639 264 2687 vel
297 2637 584 2687 uniformiter
617 2640 660 2686 in
696 2639 917 2687 directum
952 2639 1357 2703 progrederentur,
1399 2638 1650 2686 secundum
1685 2641 1827 2702 prima
1862 2639 2152 2686 Mechanicae
2189 2642 2417 2703 principia.

47 2734 162 2786 ‚71-5.
211 2741 493 2783 Scholion
522 2745 571 2787 1.
623 2733 858 2789 Quatenus
907 2735 1081 2781 scilicet
1130 2749 1321 2798 corpora
1373 2734 1586 2782 coelestia
1637 2749 1728 2781 non
1770 2731 2055 2780 uniformiter
2103 2734 2151 2779 in
2192 2732 2414 2781 directum
2454 2736 2684 2797 incedunt,

18 2821 171 2902 aimei
203 2826 433 2874 celeritate
469 2829 652 2884 variata,
685 2828 757 2875 vel
790 2827 1038 2876 secundum
1073 2829 1214 2876 lineas
1246 2844 1410 2877 curvas
1441 2827 1820 2891 progrediuntur,
1857 2835 2043 2884 eatenus
2076 2820 2194 2874 vires
2223 2827 2373 2875 adsint
2397 2845 2577 2878 necesse
2604 2841 2687 2887 est,

19 2918 151 2982 istus
194 2936 348 2969 eorum
398 2928 548 2969 motus
587 2918 830 2969 afficiatur.
897 2922 1050 2985 Atque
1089 2920 1181 2971 hoc
1222 2939 1314 2971 non
1355 2924 1502 2971 solum
1547 2922 1604 2969 de
1646 2929 1773 2970 motu
1808 2922 2017 2969 absoluto
2051 2922 2190 2979 valet,
2245 2922 2324 2969 sed
2359 2925 2490 2970 etiam
2526 2925 2582 2971 de
2613 2941 2690 2973 re-

0 3014 211 3085 ypqqtivo,
246 3029 347 3062 cum
381 3030 558 3078 semper
592 3017 710 3063 vires
734 3018 923 3078 ‚concipi
958 3019 1155 3078 possint,
1198 3018 1363 3079 quibus
1388 3023 1545 3064 motus
1582 3017 1846 3080 cujusquam
1868 3018 2088 3078 corporiS,
2124 3015 2272 3079 qualis
2297 3032 2348 3063 ex
2374 3018 2462 3064 alio
2487 3027 2684 3081 apparet,

0 3098 277 3169 Ιιίυιήινεειιιιικ
344 3108 397 3157 ln
431 3108 724 3158 Astronomia
765 3118 916 3158 autem
957 3126 1049 3158 nou
1082 3118 1174 3158 tam
1208 3119 1357 3158 motus
1389 3126 1634 3173 corporum
1669 3110 1929 3157 coelestium
1962 3111 2196 3158 absolutos
2230 3118 2502 3173 spectamus,
2553 3129 2687 3175 quam

0 3193 114 3260 101}
136 3201 295 3264 quibus
331 3206 574 3266 spectatori
625 3206 670 3251 in
710 3207 922 3267 quopiam
974 3205 1079 3253 loco
1130 3207 1381 3253 constituto
1433 3206 1604 3252 moveri
1645 3205 1872 3262 videntur,
1925 3206 2102 3252 etiamsi
2143 3202 2289 3252 forte
2303 3205 2378 3252 hic
2421 3208 2518 3270 ipse
2557 3207 2689 3254 locus

0 3277 391 3360 ilmdocunque
430 3297 791 3347 circumferatur.
862 3298 946 3347 Hic
987 3314 1097 3361 ergo
1137 3300 1269 3348 locus
1307 3301 1500 3362 spectari
1540 3299 1658 3346 solet
1700 3306 1910 3362 tanquam
1951 3299 2158 3346 absolute
2194 3301 2449 3362 quiescens,
2501 3300 2687 3363 ejusque

0 3362 198 3456 'motu
229 3406 466 3454 corporum
510 3393 771 3442 coelestium
805 3401 955 3441 motus
991 3395 1051 3441 ita
1086 3394 1359 3442 considerari
1396 3393 1586 3452 debent,
1638 3401 1690 3440 ut
1723 3397 1861 3451 vires,
1915 3409 2029 3456 quae
2063 3394 2198 3440 talem
2234 3400 2403 3440 motum
2437 3393 2686 3456 producere

0 3477 187 3564 itabant,
235 3481 522 3534 definiantur.
598 3488 666 3535 Ita
716 3490 831 3535 vires
878 3487 1101 3550 assignari
1143 3496 1347 3552 possent,
1398 3504 1512 3550 quae
1554 3489 1743 3551 planetis
1784 3504 1863 3536 eos
1904 3495 2055 3534 motus
2098 3488 2364 3550 irregulares
2405 3486 2684 3542 inducerent,

0 3570 155 3634 iim
192 3593 244 3625 ex
281 3587 400 3627 terra
433 3583 517 3631 visi
552 3582 763 3630 incedere
798 3582 1118 3640 observantur,
1169 3598 1324 3631 verum
1360 3584 1449 3631 hoc
1485 3583 1622 3631 modo
1657 3584 1760 3629 illae
1793 3585 1911 3629 vires
1944 3583 2073 3628 nimis
2107 3581 2343 3643 prodirent
2376 3580 2684 3641 complicatae,

13 3633 133 3736 iffi
178 3678 228 3722 ut
273 3688 426 3722 earum
465 3677 745 3740 existentiam
786 3678 832 3723 in
875 3675 1046 3725 mundo
1080 3692 1328 3739 agnoscere
1371 3678 1540 3725 liceret.
1609 3676 1753 3732 Quam
1799 3677 1857 3723 ob
1900 3692 2077 3723 causam
2121 3676 2257 3721 talem
2297 3674 2685 3734 investigationem

16 3748 206 3833 {Qu
238 3768 431 3829 plurium
462 3770 688 3829 locorum,
740 3773 786 3819 in
819 3772 983 3835 quibus
1015 3779 1248 3836 spectator
1281 3775 1584 3836 concipiatur,
1620 3774 1785 3834 suscipi
1822 3773 2080 3826 conveniet,
2112 3776 2165 3818 ,et
2198 3783 2278 3830 pro
2312 3782 2403 3832 quo
2437 3767 2482 3812 in
2517 3767 2686 3814 viribus

17 3854 192 3935 Ῑοωῑίε
237 3865 422 3910 maxima
462 3864 726 3927 simplicitas
766 3867 911 3915 inesse
954 3865 1328 3930 deprehenditur,
1379 3882 1454 3914 eas
1495 3865 1674 3915 demum
1714 3873 1928 3928 tanquam
1972 3865 2018 3910 in
2057 3860 2227 3910 mundo
2260 3874 2418 3909 revera
2448 3861 2687 3907 existentes

141 3947 172 3980 ι.
186 3951 305 3984 auleti
323 3956 527 3994 opponam
541 3958 573 3988 τ.
591 3957 631 3986 11.
2339 3957 2405 4003 23
