2950 4276
1387 186 1650 227 -1v-

222 345 287 384 xt.
326 342 637 384 Determination
675 341 724 378 de
762 338 886 377 t‘effet
925 337 1044 376 d'une
1082 332 1265 373 machine
1301 329 1577 384 hydraulique
1613 326 1800 367 inventee
1839 337 1914 377 par
1953 324 2005 365 M.

468 427 663 478 Segner,
710 423 942 475 professeur
974 419 996 458 al
1032 418 1245 470 Gottingue
1290 415 1517 467 ξξ1-ῌι;
1557 412 1776 466 praemissa
1804 411 2011 451 introduc-

465 512 569 548 tione
601 509 683 559 Fig.
722 505 943 546 162—171
989 525 2293 543 ...............................
2332 492 2475 532 146-
2499 490 2579 531 173

1095 716 1510 797 Astronomla
1546 744 1948 793 mechanica.

2543 764 2582 802 p.
2616 751 2696 791 177
2715 771 2762 779 —
2784 747 2866 790 332

239 903 322 941 xit.
384 902 634 942 Astronomia
656 901 889 942 mechanica
909 902 927 951 5
950 898 1135 940 1-220,
1156 897 1310 951 adjecta
1326 895 1582 949 Digressione
1601 895 1651 934 de
1673 900 1831 934 cometa
1845 892 2015 935 Α.1759

463 988 534 1026 Ι-
553 988 622 1030 Vl.
652 999 730 1027 una
761 999 854 1026 cum
884 984 1050 1025 calculis
1080 983 1164 1036 Fig.
1188 982 1331 1023 172-
1351 982 1425 1024 191
1465 1009 2300 1022 ....................
2334 978 2413 1017 177
2435 998 2482 1005 -
2505 977 2585 1016 316

605 1085 723 1137 Caput
782 1085 810 1125 l.
877 1084 934 1122 De
958 1057 1133 1129 viribus,
1155 1081 1304 1134 quibus
1326 1091 1497 1131 corpora
1518 1078 1708 1118 coelestia
1739 1077 2012 1118 sollicitantur

883 1168 1104 1219 551—60.
1137 1166 1219 1218 Fig.
1245 1164 1477 1206 172-175
1519 1194 2006 1204 ............
2055 1163 2133 1202 177
2154 1183 2200 1190 -
2226 1161 2304 1201 196

605 1255 722 1308 Caput
769 1255 815 1295 ΙΙ.
876 1255 932 1293 De
979 1259 1089 1293 motu
1134 1253 1307 1292 duorum
1351 1262 1570 1303 corporum
1612 1248 1921 1302 sphaericorum
1966 1261 2010 1288 se

880 1345 1022 1378 mutuo
1048 1336 1336 1378 attrahentium
1366 1337 1403 1386 55
1420 1335 1466 1374 61
1486 1357 1533 1364 -
1549 1335 1642 1375 109.
1673 1333 1757 1386 Fig.
1779 1333 2012 1374 176-178
2061 1333 2140 1373 196
2161 1355 2204 1362 -
2227 1333 2309 1374 217

604 1426 721 1477 Caput
766 1424 831 1465 ΙΙΙ.
879 1423 994 1463 Aliae
1033 1421 1361 1474 investigationes
1406 1425 1539 1459 motus
1576 1419 1750 1458 duorum
1792 1430 2012 1470 corporum

876 1508 1180 1561 sphaericorum
1212 1508 1249 1557 55
1273 1505 1517 1547 110-127.
1549 1504 1635 1557 Fig.
1659 1504 1888 1545 179—181
1911 1535 1919 1543 .
1953 1535 1962 1543 .
1998 1535 2006 1543 .
2050 1501 2197 1543 217-
2218 1501 2301 1543 225

602 1595 719 1647 Capu!
762 1594 828 1634 lv.
875 1594 933 1632 De
955 1598 1065 1633 motu
1086 1592 1260 1631 duorum
1280 1603 1517 1643 corporum,
1540 1601 1712 1641 quorum
1732 1588 1907 1628 alterum
1927 1593 2013 1627 tan-

876 1684 959 1717 tum
992 1684 1053 1717 est
1082 1675 1341 1729 sphaericum
1371 1677 1409 1726 55
1434 1673 1571 1717 128-
1589 1674 1680 1716 149.
1714 1673 1797 1726 Fig.
1822 1672 1904 1714 182
1953 1705 1960 1713 .
1995 1702 2001 1708 .
2046 1671 2130 1713 226
2151 1694 2197 1701 -
2219 1671 2301 1712 237

601 1763 717 1815 Caput
768 1763 814 1803 V.
875 1762 1164 1802 Determinatio
1190 1765 1322 1800 motus
1349 1759 1550 1812 corporis,
1583 1759 1744 1810 quando
1770 1758 1877 1797 inter
1906 1756 2012 1797 vires

880 1846 1028 1899 quibus
1056 1845 1317 1892 sollicitatur,
1355 1857 1433 1884 una
1463 1845 1514 1884 ad
1545 1850 1739 1896 punctum
1768 1842 1896 1882 fixum
1928 1847 2014 1881 ten-

876 1931 987 1978 dens,
1011 1930 1206 1984 quadrato
1226 1929 1435 1970 distantiae
1460 1929 1510 1968 ab
1533 1942 1581 1968 eo
1602 1934 1664 1969 est
1684 1928 1894 1980 reciproce
1916 1940 2012 1980 pro-

877 2016 1132 2068 portionalis,
1180 2015 1364 2067 reliquae
1401 2027 1497 2053 vero
1534 2013 1642 2052 vires
1676 2025 1774 2066 prae
1808 2012 1883 2051 illo
1915 2018 2010 2052 sunt

876 2100 993 2140 valde
1026 2113 1171 2152 parvae
1203 2100 1512 2151 §5150-179.
1546 2098 1628 2150 Fig.
1654 2098 1733 2138 183
1747 2088 1916 2138 4184.
1951 2129 1959 2138 .
1994 2130 2001 2138 .
2048 2097 2130 2136 237
2153 2119 2197 2125 -
2220 2096 2302 2137 265

602 2184 718 2237 Caput
762 2185 829 2226 VI.
876 2186 932 2224 De
955 2191 1064 2225 motu
1086 2186 1204 2225 trium
1226 2197 1443 2237 corporum
1464 2184 1788 2236 sphaericorum,
1808 2195 1852 2222 se
1870 2187 2011 2221 mutuo

878 2269 1178 2315 attrahendum,
1198 2270 1237 2308 in
1256 2281 1403 2322 genere
1421 2268 1704 2319 55180—197.
1722 2266 1766 2307 F.
1781 2267 2003 2308 185-187
2049 2266 2132 2306 265
2154 2288 2200 2294 -
2218 2265 2306 2307 282

604 2353 722 2405 Caput
758 2354 841 2395 Vll.
878 2355 936 2394 De
965 2353 1268 2406 perturbatione
1298 2360 1432 2394 motus
1463 2357 1760 2399 momentanea,
1794 2364 1816 2391 a
1847 2351 1883 2390 vi
1914 2364 2012 2403 qua-

878 2452 1039 2491 cunque
1076 2438 1321 2478 sollicitante
1359 2437 1528 2477 oriunda
1572 2439 1610 2489 55
1639 2436 1890 2479 198-220.
1927 2436 2011 2489 Fig.

883 2524 1017 2565 188—
1034 2523 1112 2565 190
1129 2553 2003 2564 .....................
2050 2519 2132 2560 283
2154 2542 2201 2549 -
2222 2519 2306 2560 294

601 2607 819 2659 Digressio,
857 2622 937 2660 qua
973 2610 1141 2649 effectus
1171 2616 1353 2649 cometae
1384 2609 1431 2649 A.
1458 2609 1564 2648 1759
1595 2607 1796 2660 expectati
1828 2606 1868 2645 in
1901 2613 2012 2647 motu

879 2700 1010 2733 terrae
1042 2693 1316 2746 perturbando
1342 2693 1607 2746 investigatur
1635 2694 1673 2743 55
1694 2691 1854 2734 l—Vlz
1876 2692 2014 2745 adjec-

878 2779 928 2818 tis
958 2779 1127 2819 calculis
1158 2779 1241 2832 Fig.
1267 2780 1339 2820 191
1359 2809 2009 2820 ................
2055 2776 2139 2817 294
2158 2800 2203 2806 -
2228 2778 2310 2817 316

233 2874 336 2916 Xlll.
379 2875 532 2915 Solutio
560 2877 731 2916 duorum
761 2877 1078 2929 problematum,
1110 2878 1402 2918 Astronomiam
1434 2877 1710 2917 mechanicam
1739 2877 2011 2929 spectantium

466 2962 685 3010 551—13.
718 2962 801 3015 Fig.
828 2962 1061 3004 192-196
1079 2994 2169 3005 ..........................
2180 2992 2212 3002 ⁷.
2249 2995 2255 3002 .
2290 2995 2297 3002 .
2333 2962 2587 3003 317-332

1192 3211 1835 3259 Astronomia.
2547 3220 2870 3271 p.335—446

232 3355 338 3396 xlv,
384 3355 602 3397 Nouvelles
640 3358 789 3398 'l'ables
825 3361 1146 3413 astronomiques
1190 3375 1295 3414 pour
1332 3362 1516 3402 calculer
1562 3361 1601 3402 la
1637 3361 1754 3414 place
1801 3360 1855 3401 du
1893 3361 2013 3400 soleil

466 3440 503 3489 55
528 3440 685 3482 1-38.
718 3441 800 3494 Fig.
825 3442 1059 3485 197-202
1079 3474 2302 3485 .............................
2334 3443 2414 3483 335
2437 3464 2483 3471 -—
2507 3443 2586 3481 353

239 3536 327 3578 XV.
388 3538 443 3578 De
465 3539 741 3580 emendatione
761 3541 988 3582 tabularum
1012 3543 1212 3583 lunarium
1235 3556 1308 3596 per
1329 3543 1631 3583 observationes
1653 3542 1869 3596 eclipsium
1890 3542 2012 3582 lunae

466 3625 503 3674 55
531 3625 542 3662 1
562 3626 682 3665 -30,
717 3626 787 3679 Fig
820 3627 916 3668 203.
939 3627 1022 3668 204
1055 3659 1406 3669 .........
1415 3676 1418 3683 Ι
1441 3657 2300 3670 .....................
2328 3626 2414 3666 354
2435 3648 2480 3654 —
2503 3625 2584 3665 3⁴54

231 3722 338 3761 xvl.
383 3722 475 3763 Tria
506 3724 635 3775 capita
663 3711 715 3765 eir
742 3739 866 3778 opere
896 3728 1070 3778 quodam
1101 3727 1240 3781 majori
1273 3727 1427 3768 inedito
1457 3727 1507 3768 de
1538 3727 1694 3768 theoria
1725 3727 1846 3766 lunae
1866 3755 2302 3766 ...........
2335 3725 2415 3766 365
2435 3747 2482 3755 --
2503 3725 2584 3766 390

609 3823 742 3875 Caput.-
789 3826 846 3864 De
877 3825 965 3866 loco
998 3826 1117 3866 lunae
1149 3839 1199 3866 ex
1228 3826 1449 3879 eclipsibus
1471 3827 1680 3867 lunaribus
1703 3824 2011 3866 determinando

786 3911 823 3959 55
848 3911 1004 3952 1-28.
1050 3911 1133 3964 Fig.
1163 3911 1261 3953 205.
1289 3911 1377 3953 206
1405 3940 2002 3952 ...............
2050 3910 2130 3950 365
2152 3931 2198 3939 -
2223 3909 2302 3949 377
