2950 4276
10 204 12 223 ÷
49 206 85 235 οἳ
946 169 1236 222 Emendatio
1274 171 1541 224 tabularum
1575 175 1831 226 lunarium.
2628 186 2727 231 357

42 316 344 389 ''fi'smffiimss’
397 313 643 375 praestabit
683 314 1013 359 correctionem
1047 314 1251 362 locorum
1285 316 1529 365 mediorum
1563 322 1784 382 tantisper
1816 317 2021 378 differre,
2073 320 2215 369 donec
2257 324 2349 384 ipsa
2384 322 2495 370 haec
2530 326 2734 386 aequatio

12 436 15 462 ι
44 410 200 478 aulatis
231 407 432 453 exactius
466 403 607 452 suerit
638 401 839 465 defini-ta.

44 505 106 555 fei
171 498 278 565 §9.
331 500 380 547 Si
421 501 466 546 in
504 499 762 546 memoratis
804 499 890 545 illis
932 497 1106 546 duabus
1148 501 1531 551 observationibus
1575 509 1781 567 aequatio
1820 508 1875 553 ab
1917 509 2132 556 anomalia
2172 509 2315 556 media
2359 511 2487 558 lunae
2530 510 2731 572 pendens

43 601 197 673 'luera
227 600 346 642 esset
379 595 586 652 maxima,
635 592 742 638 hinc
783 607 861 653 pro
902 593 958 638 iis
998 594 1278 655 temporibus
1320 598 1539 644 anomalia
1574 596 1707 645 lunae
1751 600 1893 646 media
1927 610 2078 648 exacte
2113 605 2436 658 innotesceret;
2486 607 2586 666 quia
2625 620 2729 652 vero

12 674 14 706 ἰ
42 689 256 755 anomalia
291 687 436 734 media
472 685 601 733 facile
628 686 800 748 aliquot
827 684 1044 746 gradibus
1077 687 1133 732 ab
1168 703 1240 744 ea,
1279 691 1350 734 cui
1376 693 1584 751 aequatio
1611 693 1796 738 maxima
1823 694 2085 754 respondet,
2106 695 2375 758 ‘discrepare
2411 704 2584 759 potest,
2619 698 2730 744 haec

43 786 117 837 fia,
143 784 288 830 minus
320 789 391 828 est
422 788 536 828 tuta.
606 780 886 827 Hancobrem
921 780 1164 840 praestabit
1198 782 1315 828 inter
1349 797 1503 828 omnes
1543 784 1756 831 collectas
1796 786 2132 833 observationes
2172 804 2245 834 eas
2288 791 2498 851 seligere,
2520 806 2664 853 .quae
2705 807 2730 837 a

42 878 149 939 vheis
186 876 458 937 computatis
500 875 676 920 minime
717 869 950 920 differant:
1004 881 1050 919 et
1091 889 1195 920 cum
1238 875 1375 937 hujus
1416 879 1595 936 generis
1635 880 1729 923 sine
1772 877 1908 925 dubio
1950 880 2097 941 plures
2138 891 2396 940 occurrant,
2451 899 2502 930 ex
2543 883 2612 930 his
2655 900 2730 931 eas

14 968 226 1031 digere,
270 968 442 1029 quibus
484 968 691 1029 aequatio
732 966 890 1013 solaris
932 968 1128 1028 proxime
1171 967 1371 1028 aequalis
1413 965 1552 1014 fuerit
1592 971 1655 1036 ei,
1705 986 1818 1032 quae
1853 986 1932 1032 pro
1969 973 2079 1019 locis
2114 973 2201 1019 illis
2235 974 2349 1019 binis
2384 958 2603 1036 prioribus
2636 984 2732 1022 erat

0 1084 1 1087 “
41 1056 230 1119 {fluenta
298 1060 415 1107 Tum
451 1060 581 1107 locus
615 1059 746 1106 lunae
781 1058 955 1106 medius
991 1059 1100 1106 huic
1134 1061 1433 1106 observationi
1467 1063 1719 1123 assignatus
1756 1065 2010 1125 corrigatur
2044 1066 2286 1120 eomodo,
2320 1082 2451 1127 quem
2476 1075 2579 1112 ante
2615 1068 2733 1114 indi-

14 1127 256 1215 ’ὸῐίωιιῂ
288 1154 465 1199 etiamsi
499 1154 616 1198 enim
652 1152 726 1198 hic
761 1151 921 1199 modus
954 1167 1034 1214 per
1067 1167 1115 1198 se
1151 1167 1240 1198 non
1276 1160 1345 1198 est
1377 1160 1523 1210 tutuS,
1561 1161 1711 1201 tamen
1747 1156 1806 1202 ob
1840 1158 2149 1218 aequalitatem
2177 1161 2493 1220 aequationum
2524 1159 2733 1205 solarium

0 1291 2 1308 5
41 1231 316 1309 &guallum
349 1260 550 1292 errorem
585 1247 715 1308 parit.
776 1245 895 1292 Tum
929 1244 1174 1291 discrimen
1210 1248 1326 1292 inter
1361 1245 1514 1293 locum
1551 1247 1681 1294 lunae
1717 1257 2026 1310 computatum
2053 1253 2203 1312 sicque
2235 1259 2486 1297 correctum
2514 1259 2559 1296 et
2584 1252 2733 1298 locum

0 1372 14 1413 3
41 1331 324 1402 §servatum
357 1338 485 1387 dabit
509 1342 823 1402 aequationem
850 1341 1190 1386 convenientem
1219 1340 1274 1386 ab
1302 1342 1518 1388 anomalia
1554 1341 1699 1388 media
1736 1343 1866 1388 lunae
1900 1343 2190 1405 pendentem,
2227 1361 2338 1407 quae
2367 1359 2470 1391 cum
2493 1347 2551 1390 sit
2583 1360 2732 1406 parva,

10 1419 88 1495 Q
115 1435 334 1484 anomalia
374 1435 504 1481 lunae
545 1432 640 1480 fere
683 1435 754 1480 vel
792 1434 860 1491 0⁰,
904 1434 973 1481 vel
1017 1434 1147 1491 180⁰,
1199 1450 1250 1480 ea
1289 1436 1345 1481 ab
1388 1438 1651 1498 aequatione
1683 1438 1830 1490 ¹nobis
1873 1438 2020 1484 adhuc
2075 1441 2301 1501 incognita
2350 1454 2442 1486 non
2492 1435 2733 1486 afficietur.

40 1529 300 1610 *notescet
332 1543 442 1590 ergo
475 1543 527 1573 ex
560 1529 814 1590 quantitate
848 1527 986 1590 hujus
1018 1529 1301 1589 aequationis
1337 1529 1557 1575 anomalia
1583 1529 1729 1576 media
1755 1530 1861 1576 huic
1890 1530 2212 1577 observationis
2237 1512 2423 1593 tempori
2450 1533 2732 1578 conveniens.

40 1646 85 1688 2„
166 1618 194 1685 §
235 1624 307 1669 10.
357 1620 526 1677 Quodsi
557 1621 648 1668 hoc
682 1620 816 1667 modo
852 1622 1074 1667 anomalia
1110 1621 1256 1668 media
1291 1622 1420 1668 lunae
1464 1622 1718 1669 unicuidem
1757 1626 1972 1685 temporis
2015 1631 2239 1670 momento
2279 1624 2558 1686 respondens
2598 1622 2732 1670 fucrit

38 1716 237 1785 inventa,
280 1717 364 1760 nisi
403 1711 521 1761 forte
561 1714 693 1761 simili
733 1713 866 1760 modo
906 1729 989 1776 pro
1033 1715 1120 1761 3110
1163 1716 1372 1777 quopiam
1414 1722 1615 1777 tempore
1656 1717 1874 1762 anomalia
1918 1716 2048 1763 lunae
2089 1716 2233 1763 media
2268 1717 2549 1763 determinari
2583 1724 2729 1778 queat,

0 1908 226 1985 ,quipus
243 1904 462 1964 assignari
494 1904 678 1964 poterit.
747 1902 898 1964 Atque
934 1917 1038 1948 cum
1079 1902 1212 1948 simul
1247 1918 1299 1948 ex
1339 1904 1606 1964 aequatione
1655 1905 1844 1948 maxima
1899 1905 2080 1951 inventa
2131 1904 2278 1950 tabula
2320 1904 2634 1965 aequationum
2676 1903 2732 1948 ab

0 1984 4 2002 ’
4 1981 252 2103 Ι*01113113
296 1997 427 2044 lunae
467 1996 611 2043 media
653 1996 946 2059 pendentium
990 1998 1158 2057 corrigi
1202 2005 1360 2059 queat,
1415 1999 1452 2043 si
1494 1996 1707 2060 deinceps
1757 1999 1803 2043 in
1837 1997 1934 2044 aliis
1969 2001 2072 2044 anni
2124 1997 2462 2060 tempestatibus
2511 1995 2732 2059 ejusmodi

4 2049 260 2165 lffigantur
290 2091 642 2148 observationes,
679 2091 842 2153 quibus
875 2093 1082 2153 aequatio
1118 2091 1173 2137 ab
1207 2092 1427 2139 anomalia
1463 2092 1592 2138 lunae
1626 2091 1770 2138 media
1805 2092 2001 2154 pendens
2027 2094 2098 2139 vel
2133 2091 2454 2154 propemodum
2481 2091 2623 2147 nulla,
2659 2089 2732 2135 vel

6 2164 132 2260 &c
161 2188 346 2234 maxima
381 2187 636 2244 conveniat,
680 2188 890 2248 quoniam
932 2186 1003 2232 his
1045 2187 1223 2232 casibus
1263 2188 1470 2248 aequatio
1514 2188 1769 2234 etiamnunc
1811 2189 2037 2249 incognita
2079 2185 2172 2232 fere
2208 2188 2453 2243 evanescit,
2491 2185 2595 2231 hinc
2630 2184 2730 2230 loca

6 2250 18 2373 {l
40 2260 166 2330 ffiae
199 2279 344 2326 11101113
377 2295 455 2341 ρει·
488 2279 606 2326 113110
631 2281 726 2343 Jam
761 2282 1074 2342 aequationem
1109 2280 1401 2343 corrigendo,
1438 2296 1491 2326 ex
1526 2295 1683 2327 eorum
1718 2280 1924 2328 dissensu
1956 2281 2024 2327 31)
2047 2280 2433 2328 observationibus
2458 2286 2551 2325 tam
2584 2278 2731 2337 longi-

39 2362 150 2438 fflo
186 2374 348 2420 11101113
397 2373 530 2420 lunae
571 2389 704 2436 quam
748 2377 954 2437 aequatio
996 2376 1051 2421 ab
1094 2376 1313 2422 anomalia
1355 2376 1462 2422 solis
1503 2375 1704 2438 pendens
1747 2372 1923 2422 definiri
1969 2378 2146 2437 poterit.
2218 2376 2404 2437 Hocque
2452 2389 2506 2420 eo
2558 2370 2731 2418 facilius

10 2450 11 2454 Ἰ
135 2469 352 2526 stabitur,
385 2471 422 2514 si
457 2468 794 2515 observationes
829 2469 1055 2516 mensibus
1090 2451 1264 2516 Martio
1285 2477 1331 2516 et
1364 2468 1618 2532 Septembri
1654 2472 1884 2516 institutae
1920 2472 2035 2516 inter
2068 2485 2112 2515 se
2140 2466 2453 2527 conferantur3
2484 2468 2585 2529 quia
2613 2467 2728 2511 enim

138 2579 222 2626 que
258 2570 520 2625 tempestate
554 2565 758 2625 aequatio
793 2564 950 2611 solaris
984 2560 1039 2610 [it
1073 2566 1283 2621 maxima,
1308 2566 1462 2630 priori
1500 2563 1825 2621 subtrahenda,
1862 2564 2001 2611 altera
2034 2562 2257 2620 addenda,
2295 2563 2398 2608 hinc
2423 2564 2517 2623 ipsa
2546 2561 2730 2606 maxima

39 2659 242 2733 muatio
274 2658 429 2704 solaris
461 2654 591 2703 facile
625 2659 834 2704 eruitur.
887 2657 972 2704 Vel
1006 2658 1234 2720 eligantur
1267 2658 1605 2706 observationes
1638 2660 1759 2705 circa
1794 2659 1985 2705 solstitia
2018 2655 2167 2704 factae
2202 2655 2442 2720 ejusmodi,
2478 2662 2528 2701 ut
2563 2668 2644 2716 pio
2680 2653 2731 2697 iis

39 2735 253 2835 *utalia
286 2752 418 2798 lunae
454 2751 598 2798 media
633 2754 692 2798 sit
725 2767 861 2814 prope
890 2751 959 2809 0⁰,
1001 2751 1071 2798 vel
1098 2751 1201 2828 9110,
1239 2753 1309 2799 vel
1343 2752 1473 2810 180⁰,
1512 2753 1580 2798 vel
1606 2752 1740 2810 270⁰,
1777 2760 1824 2798 et
1857 2755 1957 2814 quia
1992 2752 2060 2798 his
2093 2752 2371 2814 temporibus
2397 2756 2550 2796 nostra
2575 2746 2729 2793 tabula

11 2846 346 2923 *nationum
379 2845 592 2893 solarium
634 2860 725 2892 non
769 2824 1037 2892 sensibiliter
1078 2861 1102 2891 a
1138 2848 1323 2892 veritate
1359 2846 1604 2907 discrepat,
1661 2860 1763 2892 vera
1806 2845 2042 2907 longitudo
2081 2845 2214 2892 lunae
2254 2843 2400 2890 media
2441 2841 2499 2888 ad
2539 2838 2726 2901 quodvis

11 2931 220 3019 ’ψρυε
248 2947 564 3001 cognoscetur.

11 3044 110 3114 0
167 3029 197 3098 §
233 3037 305 3080 11.
357 3033 584 3081 Correctis
617 3041 767 3081 autem
801 3033 889 3081 hoc
922 3041 1055 3095 pacto
1091 3033 1253 3080 tabulis
1287 3041 1382 3079 tam
1416 3031 1666 3079 mediorum
1695 3040 1897 3079 motuum
1924 3048 2055 3094 quam
2084 3034 2398 3094 aequationum
2425 3038 2518 3076 tum
2546 3044 2570 3075 a
2597 3029 2725 3075 lunae

38 3123 143 3212 ψ
161 3142 190 3174 a
222 3127 328 3175 solis
360 3129 578 3175 anomalia
611 3129 756 3175 media
792 3127 1105 3190 pendentium,
1147 3134 1420 3189 quaerantur
1461 3142 1512 3172 ex
1556 3126 1743 3172 collecta
1785 3126 2144 3172 observationum
2180 3127 2305 3188 copia
2341 3123 2558 3188 ejusmodi
2596 3123 2725 3169 lunae

11 3216 14 3222 ’
194 3222 355 3285 quibus
387 3223 606 3269 anomalia
640 3222 783 3269 media
819 3223 951 3269 lunae
986 3219 1078 3268 fere
1113 3228 1182 3268 est
1211 3218 1310 3277 45⁰,
1342 3221 1411 3266 vel
1444 3219 1573 3276 135⁰,
1604 3219 1674 3265 vel
1703 3219 1838 3273 225⁰,
1867 3221 1936 3266 vel
1968 3218 2109 3275 31503
2143 3222 2306 3283 quippe
2336 3219 2495 3282 quibus
2521 3218 2724 3279 aequatio

39 3204 322 3396 gnua-1⁰
309 3315 535 3378 incognita
569 3313 625 3363 fit
660 3319 867 3373 maxima,
912 3331 994 3378 pro
1034 3315 1194 3378 hisque
1228 3315 1503 3376 temporibus
1536 3330 1588 3359 ex
1627 3313 1792 3360 tabulis
1832 3321 1934 3360 ante
1978 3316 2196 3361 correctis
2237 3320 2553 3375 computentur
2597 3312 2724 3356 lunae

14 3390 174 3491 fh,
194 3425 384 3473 quorum
416 3411 655 3458 discrimen
690 3411 745 3457 ab
782 3411 1034 3457 observatis
1070 3409 1285 3456 indicabit
1318 3410 1628 3470 aequationem
1663 3410 1891 3454 maximam
1926 3410 2222 3469 incognitam·
2266 3423 2348 3470 pro
2382 3406 2550 3461 tabula,
2596 3403 2723 3465 cujus

15 3501 355 3575 ·{ngumentum
396 3512 466 3551 est
506 3504 639 3567 dupla
682 3504 892 3551 distantia
935 3505 1042 3551 solis
1075 3519 1099 3550 a
1134 3503 1258 3560 luna,
1311 3502 1459 3549 demta
1504 3502 1638 3564 dupla
1679 3503 1809 3549 lunae
1850 3503 2067 3548 anomalia
2110 3503 2370 3548 excentrica.
2439 3499 2532 3545 Nisi
2575 3503 2719 3542 autem

181 3598 256 3646 odi
289 3599 625 3647 observationes
657 3605 915 3660 suppetant,
970 3596 1135 3659 quihus
1175 3597 1288 3643 haec
1330 3598 1536 3659 aequatio
1580 3603 1748 3643 exacte
1775 3593 1831 3643 fit
1873 3598 2077 3649 maxima3
2130 3608 2180 3640 ex
2230 3594 2409 3654 cognita
2462 3591 2722 3651 aequatione

94 3678 183 3751 {58
213 3700 478 3756 argumento
512 3692 647 3755 hujus
679 3692 857 3739 tabulae
893 3689 1190 3753 respondente
1229 3693 1323 3753 ipsa
1357 3692 1564 3753 aequatio
1601 3691 1787 3736 maxima
1821 3689 2076 3750 colligetur.
2145 3685 2261 3732 Sunt
2296 3687 2412 3731 enim
2446 3684 2529 3730 1130
2555 3697 2719 3745 aequa-

130 3836 146 3855 ‚.
214 3789 405 3849 proxime
438 3794 489 3834 ut
522 3788 644 3833 sinus
676 3787 924 3834 anomaliae
959 3786 1089 3832 lunae
1125 3787 1405 3832 excentricae
1440 3785 1509 3831 his
1543 3791 1738 3840 sumtae,
1780 3781 1897 3830 unde
1939 3783 1974 3828 si
2016 3781 2219 3842 aequatio
2260 3779 2369 3825 haec
2413 3793 2494 3840 pro
2529 3777 2726 3840 qualibet

195 3880 251 3927 lia
276 3882 524 3928 excentrica
551 3879 784 3937 habeatur,
813 3879 943 3926 simul
969 3893 1057 3925 non
1083 3878 1226 3925 solum
1255 3880 1455 3935 maxima,
1475 3876 1555 3924 sed
1582 3879 1717 3923 etiam
1745 3877 1918 3936 integra
1948 3873 2059 3920 haec
2088 3872 2239 3920 tabula
2267 3869 2398 3919 facile
2423 3878 2723 3919 construetur.
