2950 4276
2 891 81 1018 Ξῖ,

2 1065 66 1111 25³3.
118 1083 120 1087 -
1111 1094 1121 1098 -

7 1113 80 1213 «οἱ
1053 1156 1058 1162 ·
1235 1150 1404 1218 xvl.

2 1262 113 1310 „s

11 1360 63 1487 E
284 1361 492 1425 Tria
530 1361 824 1442 Capita
848 1364 964 1425 'ex
1003 1362 1279 1442 Opere
1316 1341 1668 1441 quodam
1703 1366 2003 1443 majori
2040 1366 2344 1429 inedito

7 1547 65 1581 m
935 1492 1037 1556 dc
1074 1493 1397 1557 theoria
1435 1495 1701 1559 lunae.

1140 1875 1378 1927 caput

470 1999 542 2047 De
585 1999 706 2047 loco
748 1999 908 2045 lunae
950 2013 1008 2045 ex
1050 1999 1352 2063 eclipsibus
1391 2001 1673 2078 lunaribus
1716 2001 2144 2050 determinando.

11 2150 18 2164 ’
50 2141 126 2214 ms
161 2150 209 2195 1.·
253 2146 352 2204 Quo
392 2155 445 2193 ex
485 2143 690 2193 formulis
730 2145 949 2192 hactenus
989 2146 1203 2204 inventiS,
1257 2147 1418 2209 quibus
1461 2155 1613 2195 motus
1653 2148 1784 2195 lunae
1825 2151 2100 2206 continetur,
2151 2148 2208 2195 ad
2249 2147 2440 2211 quodvis
2474 2153 2649 2208 tempus

77 2271 89 2280 -.
119 2241 257 2312 ‘lunae
291 2223 420 2285 locus
452 2240 499 2284 in
522 2238 659 2285 ‘coelo
693 2233 872 2284 definiri
908 2239 1071 2300 possit,
1107 2239 1298 2300 primum
1338 2239 1511 2302 aliquot
1549 2239 1649 2303 ejus
1688 2229 1788 2287 loca
1831 2243 2014 2302 cognita
2058 2256 2152 2287 esse
2187 2247 2384 2302 oportet,
2427 2246 2478 2286 ut
2519 2238 2647 2286 dein-

16 2314 479 2398 f'tamdongitudo
519 2330 667 2379 media
705 2331 838 2379 lunae
879 2346 1012 2394 quam
1055 2331 1154 2394 ejus
1194 2334 1409 2379 anomalia
1451 2340 1498 2379 et
1537 2333 1664 2380 locus
1704 2333 1813 2380 nodi
1863 2334 1917 2381 ad
1953 2334 2025 2380 illa
2061 2335 2158 2381 loca
2194 2334 2543 2387 accommodari,
2595 2347 2646 2379 ac

22 2429 77 2482 'f
118 2440 192 2476 rea
227 2441 332 2474 vera
364 2427 680 2474 excentricitas
713 2426 845 2473 lunae
879 2433 1034 2472 exacte
1069 2426 1355 2473 determinari
1392 2429 1547 2489 possit.
1616 2426 1662 2474 Si
1698 2430 1814 2474 enim
1848 2428 1951 2475 luna
1987 2430 2030 2474 in
2067 2436 2191 2476 motu
2224 2444 2306 2475 suo
2334 2443 2408 2474 eas
2432 2434 2646 2489 sequatur

26 2509 31 2514 ’
213 2537 323 2586 quas
367 2538 420 2569 ex
459 2521 636 2570 theoria
678 2522 935 2590 elicuimus,
989 2530 1163 2569 certum
1205 2530 1296 2579 est,
1346 2524 1383 2569 si
1423 2521 1640 2571 formulae
1682 2526 1886 2570 inventae
1939 2522 1995 2569 ad
2048 2524 2217 2586 aliquot
2263 2524 2365 2570 loca
2415 2523 2647 2569 observata

132 2615 373 2674 nudentur,
406 2632 481 2664 eas
515 2624 732 2679 perpetuo
765 2631 868 2664 cum
902 2598 1289 2664 observationibus
1322 2611 1574 2679 congruere
1607 2616 1784 2664 dehere.
1853 2617 1925 2664 Ad
1961 2618 2051 2666 hoc
2085 2633 2193 2680 ergo
2232 2620 2488 2664 institutum
2522 2614 2645 2678 ejus-

2 2693 3 2765 ]
31 2710 46 2744 ='
99 2700 448 2758 ''observationes
481 2711 587 2772 eligi
623 2699 881 2768 contremet,
916 2726 970 2757 ex
1003 2710 1164 2773 quibus
1201 2725 1332 2757 verus
1362 2710 1494 2757 lunae
1528 2711 1654 2758 locus
1684 2714 1997 2774 geocentricus
2022 2692 2228 2758 accurate
2257 2710 2466 2758 concludi
2494 2715 2643 2771 queat,

1 2788 88 2816 ⁴'
118 2802 375 2866 ‘nequidem
415 2804 513 2868 ejus
544 2805 755 2867 parallaxi
795 2806 854 2851 sit
895 2819 1029 2866 opuS,
1083 2806 1247 2867 quippe
1297 2820 1412 2867 quae
1468 2812 1706 2867 postquam
1755 2805 1929 2852 theoria
1977 2808 2153 2867 penitus
2191 2803 2325 2851 fuerit
2365 2800 2641 2860 confirmata,

99 2920 130 2937 ἰι
154 2904 324 2945 'exacte
356 2899 574 2960 assignari
609 2899 791 2960 poterit.
861 2898 1039 2945 Nullius
1073 2913 1183 2961 ergo
1219 2900 1475 2945 etiamnunc
1509 2905 1642 2945 erunt
1677 2914 1785 2946 usus
1815 2914 1959 2962 neque
1995 2899 2327 2946 observationes
2362 2897 2645 2944 culminatio-

128 3005 218 3047 e,
250 3005 394 3054 neque
429 2992 758 3040 occultationes
792 2992 1021 3039 stellarum
1057 2987 1268 3050 fixarum,
1309 2991 1523 3055 quoniam
1560 3007 1612 3038 ex
1652 2993 1705 3039 iis
1737 2994 1830 3039 sine
1865 2994 2041 3055 cognita
2081 2992 2290 3055 parallaxi
2326 3005 2477 3037 verum
2513 2989 2643 3037 lunae

29 3084 42 3121 ἰ
80 3082 139 3114 “-
132 3082 415 3133 concludere
451 3101 543 3134 non
578 3086 699 3133 licet.

74 3173 195 3243 82.
243 3178 318 3227 Ad
358 3156 641 3244 praesentem
683 3194 795 3242 ergo
845 3195 1031 3243 scopum
1073 3179 1406 3227 observationes
1445 3179 1678 3242 eclipsium
1719 3179 1849 3227 lunae
1890 3181 1983 3227 sine
2025 3179 2161 3227 dubio
2203 3187 2335 3227 erunt
2375 3181 2638 3242 aptissimae,

150 3273 248 3321 dvis
281 3280 525 3333 terrarum,
561 3275 638 3323 ubi
671 3273 854 3337 quidem
886 3274 1039 3321 lunam
1074 3275 1336 3336 conspicere
1363 3275 1489 3331 licet,
1525 3273 1706 3320 eaedem
1739 3281 1974 3337 apparent,
2012 3289 2156 3336 neque
2190 3290 2215 3320 a
2249 3273 2464 3322 varietate
2498 3274 2642 3336 paral-

141 3366 444 3430 inquinantur.
512 3369 736 3416 Eveniunt
769 3374 921 3415 autem
954 3367 1215 3431 hujusmodi
1249 3368 1438 3430 eclipses
1472 3370 1593 3415 circa
1630 3370 1958 3430 oppositionem
1994 3369 2123 3415 lunae
2164 3375 2209 3414 et
2248 3368 2373 3424 solis,
2417 3369 2461 3413 in
2502 3369 2638 3427 iisque

0 3499 2 3502 ψ
216 3462 338 3523 poris
369 3470 663 3521 momentum,
698 3476 789 3524 quo
823 3461 1062 3524 longitudo
1097 3462 1228 3509 lunae
1262 3478 1287 3508 e
1321 3462 1539 3510 diametro
1573 3463 1813 3524 opponitur
1839 3461 2109 3523 longitudini
2136 3462 2259 3508 solis:
2292 3460 2411 3522 quod
2437 3474 2638 3506 momen-

12 3553 14 3558 *
145 3561 275 3607 met
304 3557 556 3617 cognitum,
607 3558 820 3619 quoniam
862 3571 947 3619 pro
990 3571 1044 3602 eo
1085 3556 1235 3603 locum
1276 3557 1384 3604 solis
1424 3552 1613 3603 definire
1656 3555 1836 3613 liceret,
1885 3555 1989 3602 hinc
2023 3553 2226 3601 facillime
2262 3568 2363 3599 vera
2405 3551 2638 3613 longitudo

11 3637 127 3710 l*
134 3648 339 3697 concludi
380 3657 548 3712 posset.
618 3650 786 3698 Verum
829 3650 920 3698 hoc
974 3651 1120 3712 ipsum
1164 3656 1441 3696 momentum
1484 3665 1614 3697 verae
1663 3651 1957 3712 oppositionis
1999 3650 2042 3694 in
2085 3648 2394 3694 observatione
2446 3659 2533 3691 non
2574 3646 2634 3691 ita

156 3832 364 3896 ‘·potest.
433 3837 556 3894 Quae
590 3840 709 3886 enim
744 3840 788 3885 in
823 3839 981 3901 quavis
1014 3837 1169 3900 eclipsi
1202 3838 1334 3885 lunae
1369 3844 1540 3884 attenta
1574 3837 1883 3883 observatione
1919 3832 2196 3893 distinguere
2231 3832 2358 3888 licet,
2397 3838 2503 3878 sunt
2545 3833 2639 3895 ejus

14 3732 165 3794 Μ
196 3744 476 3804 exprimitur,
517 3743 596 3791 sed
638 3744 818 3792 demum
860 3759 913 3790 ex
953 3745 1282 3806 comparatione
1323 3742 1597 3806 reliquarum
1642 3743 2078 3791 circumstantiarum
2114 3754 2202 3786 non
2237 3740 2370 3786 obvio
2403 3740 2637 3786 ratiocinio

4 3773 366 3986 Ῠἶὶὲῑίίιιὶες
400 3938 518 3987 tum,
550 3934 588 3980 si
621 3933 800 3995 eclipsis
831 3929 970 3980 suerit
1001 3931 1179 3990 totalis,
1214 3938 1494 3978 momentum
1532 3930 1824 3977 immersionis
1859 3928 2056 3988 integrae
2090 3933 2135 3972 et
2170 3927 2341 3973 initium
2368 3929 2636 3974 emersionis.
