2950 4276
226 210 259 260 4
1027 198 1082 248 L.
1125 196 1163 247 E
1180 192 1408 247 U-LERI
1452 188 1672 243 OPERA
1710 187 2095 241 POSTHUMA.
2640 202 2880 243 mechanica.
2940 262 2943 263 ⁷

219 352 330 405 Quia
371 348 459 393 hoc
503 362 637 407 grave
681 352 872 392 conatur
915 339 1209 393 descendere,
1261 336 1419 382 tendet
1451 331 1586 394 {filum
1624 331 1773 389 PBA,
1826 347 1970 395 eoque
2003 333 2101 393 ipso
2136 330 2372 378 conabitur
2405 328 2634 393 objectum
2665 330 2711 378 A
2744 345 2897 377 secum

217 442 435 501 abripere,
470 439 602 500 idque
637 440 681 482 in
715 436 962 481 directione
997 428 1063 478 sili
1097 428 1205 486 AB,
1241 429 1284 474 id
1310 436 1398 485 est,
1435 430 1482 474 in
1516 426 1766 478 directione
1801 424 1926 480 data3
1960 439 2098 488 quare
2133 423 2361 487 objectum
2387 422 2477 469 hoc
2505 422 2639 471 modo
2665 423 2902 471 conabitur
2935 450 2950 508 Α]

218 532 460 579 secundum
495 529 786 575 directionem
823 525 906 572 AB
939 522 1164 571 incedere.
1218 523 1268 579 Q.
1299 522 1349 569 E.
1378 522 1428 569 F.
2940 510 2950 608 l

353 626 420 668 13.
488 626 705 666 Col-oll-
735 627 783 667 1.
863 619 988 665 Patet
1028 618 1133 665 hinc
1174 618 1306 663 etiam
1348 615 1576 678 objectum
1618 613 1662 662 A
1699 621 1829 685 ‘tanta
1872 614 1915 660 vi
1957 613 2108 659 conari
2150 613 2194 657 in
2229 609 2478 658 directione
2511 608 2598 658 AB
2631 611 2901 672 promoveri,
2944 610 2950 672 i

217 724 379 777 quanta
414 717 453 759 vi
494 716 533 759 P
566 712 714 758 tendit
748 711 1034 759 descendere.
2943 673 2950 767 l

351 810 421 852 lli.
490 812 706 852 col-011.
731 814 782 855 2.
846 805 964 866 Ergo
1007 800 1129 851 effici
1174 810 1344 866 potest,
1388 811 1441 850 ut
1484 801 1527 849 Α
1560 799 1807 849 secundum
1842 799 1991 847 datam
2028 797 2320 845 directionem
2355 797 2460 845 data
2498 799 2540 844 vi
2577 805 2769 846 conetur
2802 812 2903 844 mo-
2946 769 2950 867 ἒ

216 902 326 953 veri,
365 898 634 960 applicando
669 914 805 960 grave
841 906 964 945 tanta
1002 900 1040 944 vi
1078 897 1289 945 deorsum
1323 896 1524 943 tendens.
2947 877 2950 894 ’

347 996 419 1038 15.
488 998 711 1039 Coroll.
743 1002 796 1042 3.
866 992 1017 1038 Potest
1066 994 1202 1054 igitur
1252 1005 1543 1053 quaecunque
1595 989 1793 1051 potentia
1843 995 1889 1034 et
1937 1001 2249 1049 quamcunque
2300 985 2470 1032 habens
2508 985 2802 1033 directionem
2843 985 2902 1032 ad
2945 1002 2950 1057 ζ

212 1083 390 1145 pondus
424 1084 602 1140 reduci,
640 1086 742 1146 quia
776 1087 961 1131 inveniri
995 1093 1145 1147 potest
1181 1083 1358 1146 pondus
1391 1081 1584 1140 faciens,
1627 1089 1681 1128 ut
1714 1081 1942 1149 objectum
1978 1080 2082 1127 data
2115 1081 2158 1125 vi
2193 1082 2238 1126 in
2271 1079 2374 1126 data
2409 1078 2658 1127 directione
2692 1078 2901 1126 incedere

214 1185 405 1224 conetur
440 1177 563 1240 (ili).
2948 1154 2950 1160 Ι

347 1273 420 1318 16.
490 1278 770 1319 Scholion
796 1282 845 1322 1.
904 1273 1024 1319 Haec
1065 1273 1120 1320 de
1162 1267 1436 1335 ponderibus
1476 1256 1579 1318 ideo
1617 1268 1784 1333 adjeci,
1839 1275 1888 1315 ut
1928 1270 1973 1314 in
2015 1277 2242 1331 posterum
2285 1285 2400 1332 quac
2433 1268 2490 1315 de
2524 1270 2742 1331 potentiis
2776 1271 2904 1315 inve·

218 1365 398 1410 nientur
445 1373 491 1411 et
532 1365 961 1414 demonstrabuntur
1010 1369 1144 1412 etiam
1191 1365 1249 1413 ad
1290 1380 1481 1427 corpora
1522 1366 1701 1426 gravia,
1752 1378 1866 1425 quae
1909 1363 2019 1409 nihil
2060 1362 2181 1410 aliud
2221 1370 2326 1410 sunt
2366 1364 2450 1410 nisi
2490 1363 2689 1426 objecta,
2740 1363 2904 1425 quibus

214 1459 441 1516 potentiae
483 1458 691 1507 deorsum
731 1459 967 1507 tendentes
1009 1467 1115 1507 sunt
1156 1460 1423 1522 applicatae,
1479 1456 1633 1504 referri
1676 1464 1864 1519 queant,
1917 1464 1963 1503 et
2003 1459 2186 1518 quaevis
2227 1458 2455 1518 potentiae
2494 1472 2598 1503 cum
2634 1456 2905 1519 ponderibus

216 1552 390 1609 possint
424 1555 683 1614 comparari.

353 1647 423 1690 17.
492 1650 771 1693 Scholion
798 1655 850 1696 2.
908 1646 1181 1695 Monendum
1227 1631 1363 1692 etiam
1413 1653 1500 1703 est,
1549 1648 1614 1691 in‘
1647 1643 1936 1706 sequentibus
1983 1645 2128 1691 omnia
2178 1640 2380 1707 corpora
2417 1640 2631 1707 tanquam
2671 1646 2906 1706 gravitatis

218 1738 411 1795 expertia
451 1739 748 1799 considerari,
789 1757 902 1803 quae
936 1740 1058 1788 nulla
1092 1728 1316 1803 applicata
1349 1741 1549 1801 potentia
1583 1738 1740 1785 nullibi
1775 1752 1823 1783 se
1857 1751 2039 1784 movere
2073 1731 2377 1794 conarentur3'
2402 1736 2595 1800 ideoque
2629 1739 2718 1784 vim
2753 1741 2906 1802 gravi-

215 1829 324 1874 tatis
357 1832 403 1876 in
437 1835 651 1894 potentiis
683 1834 853 1892 habeo,
889 1850 975 1897 qua
1010 1836 1348 1896 superveniente
1382 1847 1572 1894 corpora
1607 1831 1787 1878 demum
1820 1822 2040 1879 conantur
2072 1830 2296 1878 deorsum
2317 1823 2608 1879 descendere.

356 1925 428 1971 18.
495 1931 716 1975 Divisio
752 1933 1064 1984 generalis.
1130 1927 1354 1974 Dividitur
1405 1925 1576 1973 Statica
1627 1926 1794 1987 optime
1848 1924 1995 1987 quoad
2045 1926 2351 1983 diversitatem
2392 1924 2693 1989 objectorum,
2746 1926 2908 1989 quibus

216 2019 444 2075 potentiae
478 2021 721 2081 applicatae
755 2023 1083 2084 intelliguntur.
1151 2020 1296 2076 Quare
1330 2022 1378 2066 in
1405 2022 1556 2082 prima
1591 2020 1792 2065 sectione
1827 2017 1883 2064 de
1919 2020 2133 2080 potentiis
2168 2026 2338 2081 puncto
2378 2008 2612 2081 applicatis
2645 2019 2905 2078 disseretur,

217 2121 330 2168 quae
381 2117 588 2161 tractatio
641 2118 779 2162 instar
827 2114 1101 2162 fundamenti
1153 2122 1221 2160 est
1265 2115 1562 2176 sequentium.
1631 2113 1685 2159 In
1729 2111 1923 2158 secanda
1964 2110 2020 2158 de
2063 2112 2326 2174 aequilibrio
2367 2115 2671 2174 potentiarum
2713 2112 2907 2177 objectis
2947 2140 2950 2146 ·

218 2201 377 2261 rigidis
409 2207 744 2266 applicatarum.
814 2209 863 2255 ln
897 2213 1027 2254 tertia
1060 2209 1116 2255 de
1149 2210 1385 2269 potentiis,
1438 2204 1709 2252 flexibilibus
1750 2205 1940 2268 objectis
1975 2206 2224 2267 applicatis.
2294 2205 2344 2252 ln
2378 2214 2557 2267 quarta'
2581 2206 2758 2269 objecta
2795 2223 2932 2259 con->

218 2293 555 2357 siderabuntur,
607 2317 659 2346 ex
707 2303 908 2363 pluribus
959 2302 1158 2364 partibus
1201 2308 1324 2347 certo
1366 2299 1502 2347 modo
1538 2299 1714 2362 junctis
1755 2300 2019 2361 composita.
2087 2298 2306 2345 Tandem*
2330 2302 2388 2345 inv
2416 2296 2662 2361 quintoe‘de
2695 2303 2907 2363 potentiis
2947 2358 2950 2365 Ι

218 2387 421 2448 plurimis
456 2394 721 2455 corporibus
754 2411 777 2442 a
812 2411 857 2442 se
893 2398 1082 2442 invicem
1116 2395 1267 2441 liberis
1301 2401 1348 2440 et
1382 2392 1614 2440 dissolutis
1648 2407 1782 2455 agere
1816 2394 2054 2450 constitui,
2090 2393 2166 2439 ubi
2200 2400 2365 2455 agetur
2397 2392 2454 2441 dc
2488 2393 2814 2455 Hydrostatica.

1326 2581 1537 2631 Secti«)
1566 2580 1809 2659 prima..

778 2719 852 2766 De
886 2719 1218 2781 aequilibrio
1262 2721 1632 2781 potentiarum
1676 2724 1883 2780 puncto
1924 2692 2340 2779 applicatarum.

533 2885 539 2892 ,
625 2840 864 2888 Annotatio
906 2857 1037 2893 mana
1073 2842 1159 2888 Cel.
1194 2843 1408 2890 Auctoris
1442 2843 1641 2903 mar-qim·
1670 2841 1924 2902 adscripta.-
1991 2839 2242 2887 Dividenda
2277 2848 2348 2888 est
2380 2840 2493 2888 haec
2525 2838 2681 2890 Sectio
2714 2844 2760 2890 in
2795 2842 2907 2891 duas

446 2942 664 2995 --.‚partes‚
715 2948 905 2997 quarum
945 2937 1087 2996 prima
1129 2935 1387 2982 considerat
1426 2942 1645 2997 punctum
1688 2934 1901 2991 liberum,
1929 2933 2075 2996 «quod
2113 2949 2274 2996 aeque-
2295 2935 2436 2982 libere
2477 2937 2523 2981 in
2563 2951 2719 2983 omnes
2758 2946 2906 2999 partes

492 3030 669 3074 moveri
706 3035 880 3093 potest,
931 3028 1070 3077 altera
1109 3044 1215 3076 vero
1250 3036 1469 3091 punctum
1508 3043 1601 3076 non
1634 3028 1845 3084 liberum,
1889 3027 2012 3089 quod
2047 3014 2106 3074 ob
2141 3027 2370 3076 obstacula
2405 3030 2451 3077 in
2483 3045 2618 3076 unam
2650 3031 2722 3078 vel
2755 3031 2908 3093 plures

498 3121 653 3183 plagas
693 3124 860 3170 moveri
902 3125 1071 3184 nequit.
1138 3122 1190 3169 ld
1229 3123 1351 3185 quod
1394 3124 1566 3180 evenit,
1620 3124 1658 3169 si
1698 3118 1829 3168 firmo
1871 3121 2122 3169 obstaculo.
2150 3123 2340 3170 inclinet
2382 3130 2433 3170 ut
2474 3123 2615 3170 lineae
2650 3125 2723 3172 vel
2755 3132 2906 3173 rectae

208 3205 237 3238 0
497 3215 567 3260 vel
603 3231 778 3262 curvae.

355 3310 427 3355 19.
496 3313 745 3357 Axioma
773 3316 853 3357 10:
892 3309 995 3370 [Fig.
1031 3311 1074 3355 3.
1116 3296 1173 3356 'Si
1206 3317 1377 3371 puncto
1412 3308 1458 3357 A
1493 3310 1606 3357 duae
1640 3313 1864 3372 potentiae
1897 3311 2105 3374 aequales
2139 3318 2186 3356 et
2220 3323 2408 3372 quarum
2441 3285 2712 3358 directiones
2731 3311 2905 3360 directe
2942 3319 2945 3320 ’

218 3410 327 3449 sunt
370 3406 599 3465 oppositae
642 3402 743 3461 AB,
767 3388 890 3460 AC,
932 3403 1178 3465 applicatae
1212 3401 1399 3462 fuerint,
1446 3412 1668 3467 punetum
1702 3402 1747 3451 A
1781 3407 1826 3451 in
1860 3412 2064 3452 neutram
2087 3405 2270 3467 aplagam
2306 3411 2482 3465 verget,
2523 3412 2572 3451 et
2603 3408 2732 3467 proin
2766 3406 2908 3454 habe-

220 3495 342 3543 bitur
374 3498 700 3560 aequilibrium.

351 3592 429 3638 20.
467 3596 796 3638 scholion.
863 3590 1057 3638 Veritas
1090 3591 1223 3654 hujus
1262 3594 1510 3639 axiomatis
1533 3599 1727 3639 constat.
1754 3607 1806 3638 ex
1848 3594 2066 3654 principio
2107 3588 2393 3639 sufficientis·
2418 3594 2624 3648 rationis;
2675 3594 2797 3640 nulla
2838 3601 2906 3640 est

225 3685 343 3732 e'nim
381 3688 516 3745 ratio,
567 3680 703 3749 quare
745 3688 896 3748 potius
930 3687 976 3731 in
1011 3685 1128 3731 hanc
1161 3686 1231 3731 vel
1268 3686 1387 3732 illam
1420 3686 1598 3748 plag-am
1630 3685 1853 3732 tenderet.
1924 3685 2002 3732 Sin
2034 3694 2186 3733 autem
2220 3687 2365 3733 altera
2398 3687 2539 3734 altera
2571 3687 2715 3751 major
2745 3685 2904 3743 fuerit,

220 3785 319 3825 tum
353 3780 542 3843 amplius
572 3780 1106 3842 aequilibrium·existere
1141 3781 1315 3841 nequit,
1350 3781 1455 3842 quia
1490 3794 1580 3826 non
1614 3777 1741 3826 deest
1772 3781 1911 3837 ratio,
1952 3794 2093 3843 quare
2128 3781 2174 3826 in
2206 3794 2340 3827 unam
2372 3779 2555 3843 plagam
2587 3782 2737 3843 petius
2771 3795 2905 3843 quam

216 3875 261 3920 in
295 3874 424 3921 aliam
459 3874 629 3922 tendat.
