2950 4276
245 137 345 191 182
1037 129 1088 179 L.
1131 124 1423 179 EULERI
1464 123 1690 178 OPERA
1729 121 2114 175 POSTHUMA.
2646 140 2793 179 Aaron.
2818 96 2932 184 mai

242 282 549 335 aberraturae,
605 278 686 323 nisi
728 273 845 322 sorte
887 286 1040 321 eorum
1082 264 1230 332 figura
1270 265 1473 330 perfecte
1515 264 1656 315 fuerit
1696 264 1942 329 sphaerica.
2012 266 2156 322 Quare
2197 267 2235 313 si
2277 263 2369 313 boc
2410 262 2550 312 modo
2589 265 2937 326 praecedentem,

243 373 510 436 hypothesin
543 369 885 428 restringamuS,
922 367 986 413 uti
1022 365 1138 412 r-atio
1172 361 1350 419 suadet,
1392 362 1653 409 universum
1692 359 2000 414 Astronomiae
2035 360 2323 408 mechanicae
2354 355 2693 406 fundamentum
2727 363 2930 423 sequent}

242 465 475 527 hypothesi
516 461 834 509 continebitur.
2884 467 2928 526 αἱ.

342 565 344 567 ‚
373 588 450 631 25.
503 589 855 642 nypotnesis
881 592 933 634 4.
991 581 1147 628 Omnia
1187 582 1396 626 materiae
1434 579 1664 636 elementa,
1714 593 1774 626 eae
1805 579 1968 640 quibus
2001 591 2198 639 corpora
2229 576 2458 623 mundana
2490 583 2592 623 sunt
2623 571 2847 634 conflata,
2887 571 2935 630 ff

240 681 411 742 pollent
442 674 721 732 attrahendi,
759 689 871 736 qaae
905 677 1117 736 cujusque
1152 689 1322 722 massae
1357 674 1542 728 directe,
1579 675 1750 720 inverso
1786 680 1928 718 autem
1962 671 2191 734 quadrato
2224 671 2463 718 distantiae
2488 677 2550 717 est
2571 652 2933 732 proportionalis}

242 787 337 835 ριιηι
371 786 458 832 qua
492 771 666 815 ratione
703 770 882 828 insuper
913 782 1055 815 massa
1089 769 1347 832 corpusculi
1377 769 1560 813 attracti
1592 774 1654 814 est
1668 765 2015 833 eonjunqenda.
2366 759 2396 766 ⁰
2728 751 2736 758 ⁴

2852 811 2935 881 ’ἲ

375 894 453 939 26.
504 898 726 940 Col-011.
752 900 800 942 1.
854 891 1014 938 Positis
1047 904 1155 952 ergo
1189 891 1345 937 massis
1378 888 1571 936 duorum
1606 888 1930 936 elementorum
1964 887 2178 934 materiae
2210 903 2252 946 μ
2286 893 2331 932 et
2365 902 2416 944 ν,
2452 900 2697 947 eorumque
2731 883 2939 974 distant*

247 1016 309 1039 =
329 1013 376 1055 z,
413 1000 514 1044 erit
532 999 621 1055 vis,
656 1012 743 1060 qua
776 996 972 1043 alterum
1005 995 1061 1041 ab
1096 994 1239 1052 altero
1274 993 1533 1040 attrahitur.
1543 980 1664 1067 ut}
1625 978 1693 1067 -Ξ,
1729 999 1866 1054 atque
1892 999 1946 1038 'ex
1973 992 2145 1038 viribus
2171 990 2520 1039 elementaribus
2531 1019 2544 1044 ,
2577 989 2740 1052 quibus
2765 990 2936 1055 sing*

246 1101 437 1150 duorum
472 1113 712 1163 corporum
747 1094 977 1146 finitorum
1011 1113 1057 1144 se
1091 1104 1251 1146 mutuo¹
1286 1097 1561 1155 attrahunt,
1582 1098 1700 1143 vires
1727 1095 1861 1143 ambo
1887 1108 2079 1158 corpora
2103 1102 2203 1143 tota
2228 1093 2546 1151 sollicitantes,
2571 1093 2751 1143 dehent
2769 1094 2939 1170 colli*

377 1223 453 1267 27.
507 1229 727 1270 Col-011.
733 1231 803 1279 2.
857 1215 967 1265 Cum
1002 1212 1116 1263 haec
1153 1216 1218 1262 vis
1253 1213 1537 1262 elementaris
1569 1216 1628 1262 sit
1660 1221 1712 1261 ut
1751 1237 1824 1291 —7
1860 1211 2010 1261 factor
2044 1213 2225 1277 quidam
2258 1220 2493 1261 constans
2507 1214 2544 1260 C
2571 1211 2760 1277 adjungi
2795 1194 2937 1275 deba

246 1343 299 1382 ut
335 1333 524 1381 formula
568 1312 699 1367 Q
688 1335 828 1396 ipsam
862 1333 953 1408 vim
988 1332 1226 1402 exprimat·
1263 1327 1400 1393 atque
1435 1328 1547 1376 haec
1582 1330 1810 1392 quantitas
1837 1330 1873 1376 C
1895 1335 2113 1393 perpetuo
2147 1330 2232 1376 erit
2261 1302 2429 1394 eadem
2457 1328 2713 1402 ubicunque
2743 1280 2940 1380 loeordd

2862 1383 2938 1448 ‘³⁸3

2799 1503 2818 1529 .’
2882 1478 2935 1537 lb

378 1549 455 1595 28.
509 1555 727 1597 Coroll.
753 1559 807 1600 3.
858 1544 1056 1607 Corpora
1092 1558 1204 1606 ergo
1240 1542 1451 1591 coelestia
1486 1550 1673 1615 eatenus
1706 1550 1883 1591 tantum
1916 1559 1964 1591 se
2001 1550 2158 1590 mutuo
2191 1542 2447 1603 attrahunt,
2481 1550 2703 1606 quatenus
2737 1550 2950 1636 constaae

248 1442 333 1509 ista
366 1439 454 1487 duo
490 1439 710 1491 elementa
741 1437 952 1484 materiae
987 1429 1155 1482 fuerint
1190 1435 1349 1496 posita.

249 1643 458 1701 materia,
511 1640 643 1703 cujus
693 1642 841 1685 omnia
890 1640 1110 1686 elementa
1151 1639 1231 1685 tali
1274 1639 1318 1684 vi
1358 1653 1404 1684 se
1446 1612 1705 1685 attrahendi
1746 1645 1875 1702 sunt
1891 1636 2106 1702 praedita.
2178 1638 2242 1684 Ex
2282 1653 2373 1700 quo
2409 1644 2532 1701 patet
2564 1639 2599 1684 si
2635 1651 2855 1708 corpora
2863 1707 2866 1710 ‚
2946 1666 2950 1731 l

250 1734 423 1784 fuerint
451 1733 695 1782 admodum
728 1749 754 1780 a
786 1749 832 1780 se
868 1735 1059 1779 invicem
1092 1740 1285 1786 remota,
1303 1732 1545 1795 simulque
1572 1728 1767 1795 figuram
1797 1732 1992 1779 habeant
2015 1727 2333 1810 irregularem,
2370 1727 2468 1778 fieri
2497 1746 2647 1797 posse,
2676 1739 2737 1779 ιιι
2764 1733 2830 1779 vis
2838 1737 2950 1827 tow

251 1847 286 1888 e
314 1829 493 1894 viribus
525 1828 872 1875 elementarIbus
910 1828 1136 1900 resultans
1178 1827 1367 1886 multum
1400 1842 1426 1873 a
1459 1827 1747 1891 simplicitate
1782 1824 2002 1874 formulae
2036 1827 2260 1905 exhibitae
2294 1825 2532 1905 discrepet.

364 1940 463 1984 29.
515 1944 798 1989 Scholion
822 1948 875 1989 1.
936 1935 1047 1983 Cum
1098 1934 1360 2002 hujusmodi
1406 1937 1474 1982 vis
1514 1935 1772 2000 attrahendi
1821 1935 2031 1983 omnibus
2072 1934 2342 1998 corporibus
2372 1933 2656 1998 coelestibus
2696 1934 2906 1988 conve?
2935 1991 2950 2011 ¹

254 1968 443 2093 ideoque
478 2030 686 2078 omnibus
729 2029 959 2077 elementis
993 2045 1269 2093 corporum,
1308 2029 1567 2092 ubicunque
1599 2031 1905 2093 reperiantur,
1955 2029 2094 2076 tribui
2128 2027 2311 2087 debeat,
2362 2044 2415 2076 ea
2454 2034 2670 2091 tanquam
2707 2027 2903 2093 propr·

253 2124 518 2180 universalis
547 2125 758 2170 materiae
792 2125 987 2187 spectari
1021 2131 1192 2187 potest,
1235 2123 1368 2187 cujus
1401 2108 1880 2183 existentiamrealem
1913 2138 1967 2170 ex
1998 2122 2321 2187 Phaenomenis
2354 2138 2460 2171 cum
2493 2125 2667 2182 ratione
2700 2098 2856 2186 conju·
2875 2145 2896 2183 f
2926 2105 2947 2184 ,ἶ

255 2219 446 2266 evictam
485 2231 732 2279 agnoscere
772 2216 1000 2264 debemus.
1069 2215 1248 2264 Certum
1289 2217 1439 2279 itaque
1473 2223 1545 2264 est
1576 2218 1727 2269 omnia
1760 2218 1973 2266 materiae
2006 2217 2227 2266 elementa
2260 2216 2347 2279 tali,
2374 2218 2418 2264 vi
2451 2215 2754 2289 attrahendi,.
2779 2231 2808 2280 q
2847 2239 2869 2277 g·

256 2311 594 2374 descripsimus,
648 2326 743 2358 esse
778 2310 1002 2374 praedita,
1056 2326 1198 2373 neque
1233 2308 1292 2358 de
1325 2309 1416 2359 hoc
1450 2311 1546 2358 ullo
1580 2310 1717 2360 modo
1751 2291 2115 2374 dubitarelicet.
2186 2311 2350 2360 Utrum
2392 2318 2544 2360 autem
2582 2311 2698 2359 haec
2732 2312 2799 2359 vis
2831 2325 2890 2373 of
2941 2342 2944 2350 ·

257 2407 466 2453 materiae
500 2421 552 2451 ex
585 2420 663 2453 sua
697 2412 856 2464 natura
891 2412 1121 2468 competat
1156 2404 1339 2468 perinde
1373 2412 1509 2468 atque
1543 2407 1703 2454 inertia
1742 2413 1790 2453 et
1822 2405 2258 2469 impenetrabilitas‘?
2296 2421 2354 2453 an
2387 2421 2494 2461 vero
2525 2421 2553 2453 a
2585 2420 2717 2462 causa
2750 2405 2897 2470 quw*
2921 2428 2942 2467 3¹:

261 2508 442 2566 externa
476 2476 784 2562 producatur?
835 2500 1024 2546 multum
1059 2500 1176 2546 inter
1211 2498 1510 2562 Philosophos
1544 2498 1790 2548 dubitatur.
1856 2500 1941 2557 Qui
1981 2502 2183 2572 priorem
2211 2501 2479 2551 sententiam
2512 2507 2823 2564 propugnant,
2927 2532 2933 2547 ,

263 2596 400 2640 ιιιὶιιιιι
434 2589 763 2640 firmamentum
798 2594 1034 2639 inveniunt
1068 2594 1113 2639 in
1147 2593 1480 2640 universalitate
1516 2595 1647 2641 istius
1680 2593 1845 2641 indolis
1879 2595 2172 2664 attractricis,
2225 2609 2340 2657 quae
2384 2609 2486 2641 cum
2530 2595 2575 2640 in
2614 2593 2823 2641 omnibus
2867 2614 2902 2657 νς,
2937 2586 2946 2631 ,³

262 2676 444 2750 poribus
478 2663 654 2744 inesse,
709 2680 845 2748 atque
879 2682 992 2733 adeo
1033 2676 1189 2734 eorum
1225 2677 1393 2733 massae
1424 2682 1787 2750 ⁴proportionalis
1821 2668 2203 2751 deprehendatur,
2255 2677 2353 2735 eam
2386 2689 2553 2750 pariter
2585 2695 2723 2751 atque
2746 2663 2825 2734 ‘i'ne
2881 2667 2945 2739 'Ji'

264 2762 471 2846 materiae
506 2779 785 2826 essentialem
820 2767 915 2826 esse
943 2776 1305 2849 'autumant,'ita
1338 2783 1389 2826 ut
1422 2780 1519 2844 ejus
1553 2788 1686 2829 causa
1719 2783 2000 2829 extrinsecus
2033 2778 2204 2829 frustra
2233 2784 2491 2844 quaeratur3
2527 2783 2635 2844 quin
2662 2782 2796 2828 etiam
2816 2768 2905 2844 ψ’*
2939 2849 2942 2856 ⁴

267 2951 389 3033 quod
421 2961 590 3030 negare
622 2951 734 3030 ipsis*
762 2952 893 3015 adeo'
909 2969 1092 3030 impium
1130 2957 1322 3016 videtur.
1377 2968 1548 3017 Deinde
1583 2964 1629 3017 in
1662 2969 1752 3018 hoc
1787 2955 1879 3019 non
1914 2959 2070 3034 parum
2102 2969 2286 3018 subsidii
2322 2971 2405 3017 sibi
2439 2971 2576 3017 situm
2610 2985 2706 3017 esse
2737 2961 2857 3018 arbi
2896 2964 2942 3009 ἰ

268 3072 367 3121 tur,
403 3061 528 3125 quod
560 3076 692 3109 nemo
726 3062 877 3108 adhuc
913 3062 1039 3109 istius
1072 3046 1370 3124 phaenomeni
1403 3064 1614 3112 latissime
1650 3060 1845 3127 patentis
1878 3054 2312 3113 causam'externam
2341 3062 2538 3111 dilucide
2565 3063 2726 3119 docere
2753 3050 2876 3112 ιοΙιῖ
2902 3071 2931 3129 ,j

270 3157 355 3222 Qui
387 3164 539 3222 autem
574 3157 819 3222 contrariae
854 3158 1099 3211 sententiae
1117 3165 1244 3210 ,sunt
1275 3157 1467 3216 addicti,
1504 3158 1616 3209 haec
1650 3167 1916 3222 argumenta
1950 3159 2165 3223 gravibus
2194 3158 2443 3217 rationibus
2471 3153 2699 3207 infirmare
2725 3170 2886 3209 conen

271 3251 537 3312 maluntque·
565 3248 751 3297 credere
786 3249 881 3300 dari
917 3249 1051 3314 hujus
1079 3250 1381 3313 phaenomeni
1414 3266 1593 3301 cansam
1627 3261 1874 3318 externam,
1909 3255 2083 3303 etiamsi
2118 3264 2216 3304 eam
2240 3251 2374 3315 nobis>
2394 3251 2520 3300 nullo
2547 3251 2687 3301 modo
2708 3253 2905 3316 perspi¹
2932 3299 2934 3319 ἱ

269 3348 426 3403 liceat,
476 3360 611 3408 quam
661 3345 909 3393 concedere
957 3347 1056 3410 ejus
1103 3349 1323 3394 rationem
1374 3349 1419 3394 in
1462 3351 1560 3411 ipsa
1599 3351 1808 3398 materiae
1848 3348 1996 3397 indole
2036 3362 2141 3396 esse
2162 3350 2384 3411 posit-am.
2452 3346 2527 3395 Ad
2555 3354 2782 3395 nostrum
2807 3360 2857 3393 ‚a
2912 3369 2933 3412 ‘.

270 3442 525 3488 institutum
558 3454 719 3502 parum
750 3437 910 3498 refert,
959 3448 1114 3489 utrum
1149 3456 1287 3505 causa
1311 3448 1506 3491 externa
1539 3444 1720 3501 existat,
1751 3459 1848 3491 nec
1880 3443 1973 3492 ne?
2007 3438 2195 3499 sufficit
2226 3443 2345 3489 enim
2377 3456 2511 3489 nosse
2543 3443 2590 3488 in
2622 3441 2851 3496 omnihus
2872 3469 2877 3477 ·

273 3534 455 3596 poribus
490 3531 646 3580 mundi
680 3533 813 3580 talem
847 3536 940 3580 vim
954 3534 1249 3582 attrahendi
1261 3548 1418 3582 revera
1454 3538 1620 3593 inesse,
1656 3552 1760 3584 cum
1782 3537 1923 3585 nohis
1955 3536 2022 3584 id
2035 3543 2211 3584 tantum
2238 3537 2299 3583 sit
2324 3536 2624 3598 propositum,
2658 3541 2725 3582 ut
2735 3532 2920 3598 quon&

276 3634 428 3676 motus
463 3638 704 3689 corporum
738 3627 1003 3675 coelestium
1034 3628 1093 3676 ab
1127 3628 1198 3676 his
1231 3629 1402 3677 viribus
1432 3625 1711 3688 afficiantur,
1754 3632 2100 3694 investigemus.
2314 3664 2318 3672 ,
2368 3654 2370 3656 ·
2459 3678 2461 3681 ,
2541 3671 2543 3673 .
2608 3647 2611 3655 ’
2747 3669 2750 3673 -
2814 3614 2927 3706 ς11τῖ

409 3737 485 3782 30.
538 3728 820 3785 Scholion
845 3744 895 3788 2.
928 3730 1077 3783 'Prior
1115 3736 1357 3796 sententia,
1414 3747 1502 3801 qua
1539 3741 1751 3785 materiae
1780 3741 1854 3786 vis
1886 3740 2417 3801 attractrix3⁵tanqunm
2442 3738 2692 3800 proprietas
2723 3746 2837 3782 esse·
2863 3743 2886 3768 ²²
2905 3753 2911 3775 ι

279 3828 515 3886 tribuitur,
567 3829 603 3874 si
639 3835 756 3875 esset
789 3843 918 3887 vera,
970 3828 1060 3878 hoc
1095 3831 1315 3879 commodi
1335 3827 1548 3890 afferret,
1601 3840 1652 3880 ut
1686 3832 1886 3880 ulteriori
1921 3833 2259 3896 investigatione
2297 3839 2459 3880 causae
2497 3820 2927 3905 ΙίΙιιιιιιιιῚίιιιιιι·ςῑΓΦ]ΔῚ

2914 4019 2916 4030 i

2912 4044 2917 4084 ἶ
