2950 4276
1127 214 1427 265 Astronomz'a
1474 215 1761 268 mechanica.
2688 218 2791 269 237

104 353 244 400 lineae
286 350 489 398 absidum
525 350 870 398 mutabilitatem
912 356 1053 400 inesse
1089 354 1274 410 debere,
1317 373 1427 419 quae
1462 367 1635 406 tantum
1670 375 1694 406 a
1731 357 1874 423 figura
1910 362 2036 410 Jovis
2071 378 2158 410 non
2196 363 2424 425 sphaerica
2459 359 2793 426 proficiscatur3

100 445 220 509 quod
269 444 604 506 phaenomenon
653 445 690 489 si
739 460 818 506 per
865 446 1205 494 observationes
1251 447 1506 497 confirmari
1560 461 1737 514 posset,
1797 451 1984 502 mirifice
2036 458 2240 504 theoriae
2289 458 2565 503 attractionis
2613 455 2794 500 univer-

0 531 15 588 3‘
99 538 316 585 salitatem
350 533 652 583 confirmaret.

235 648 339 692 1248.
406 651 685 693 Scholion
719 656 771 697 2.
838 646 1098 708 Quanquam
1146 650 1193 694 in
1241 647 1332 695 hoc
1382 658 1538 707 motu,
1598 667 1731 713 quem
1781 653 1855 699 hic
1905 648 2220 713 definivimus,
2277 665 2364 703 tam
2419 660 2483 703 via
2539 672 2562 702 a
2604 669 2791 716 corpore

95 741 337 801 descripta,
388 755 520 801 quam
568 741 782 801 temporis
831 741 946 785 ratio
993 742 1107 785 areis
1158 743 1504 802 proportionalis
1547 746 1730 790 maxime
1774 754 1842 792 est
1884 749 2226 801 transcendens,
2280 757 2426 796 tamen
2468 749 2689 796 calculum
2730 749 2790 792 ita

93 833 325 892 commode
374 833 681 879 administrare
732 833 879 889 licuit,
931 840 982 879 ut
1022 833 1334 881 determinatio
1378 843 1527 882 motus
1570 839 1639 882 vix
1683 835 1931 896 difficilior,
1987 857 2118 902 quam
2159 845 2205 887 in
2240 858 2346 889 casu
2380 845 2543 906 ellipsis
2578 843 2789 903 simplicis

92 928 316 975 evaderet.
385 927 555 981 Totum
603 927 777 974 scilicet
812 926 1053 973 discrimen
1089 927 1178 973 huc
1213 935 1284 973 est
1319 928 1606 989 perductum,
1660 939 1710 977 ut
1745 932 1859 978 linea
1895 933 2098 980 absidum
2135 935 2308 981 mobilis
2341 944 2630 991 statueretur,
2683 934 2789 980 dum

12 1009 14 1016 s
90 1024 255 1085 reliqua
291 1023 435 1067 omnia
467 1036 648 1082 prorsus
683 1036 784 1067 cum
820 1028 949 1067 motu
983 1022 1182 1084 elliptico
1220 1037 1354 1084 supra
1391 1025 1592 1084 exposito
1630 1028 1923 1073 conveniunt.
1977 1028 2071 1073 Hoc
2106 1029 2372 1090 compendio
2410 1031 2665 1076 Astronomi
2693 1029 2787 1090 jam

12 1152 14 1185 ‚
89 1115 261 1180 pridem
300 1112 491 1160 feliciter
531 1121 637 1160 sunt
671 1116 761 1171 usi,
812 1113 919 1160 dum
954 1122 1105 1161 motus
1139 1114 1420 1177 planetarum
1457 1119 1771 1179 primariorum
1808 1121 1867 1166 ita
1904 1130 2266 1182 repraesentant,
2321 1138 2372 1168 ac
2408 1125 2444 1168 si
2479 1125 2525 1169 in
2559 1122 2784 1183 ellipsibus

0 1215 13 1252 f
88 1209 325 1257 mobilibus
365 1210 486 1254 circa
527 1207 668 1253 solem
708 1208 1075 1266 revolverentur,
1128 1211 1172 1255 in
1216 1216 1343 1256 motu
1377 1217 1527 1257 autem
1562 1211 1692 1258 lunae
1730 1214 1914 1274 iusuper
1947 1221 2037 1260 tam
2074 1217 2453 1262 excentricitatem
2485 1231 2619 1277 quam
2656 1230 2783 1275 para-

12 1311 13 1316 ’
87 1308 278 1351 metrum
316 1301 484 1363 ellipsis
526 1301 796 1348 variabilem.
823 1298 1214 1364 statui'oportere
1247 1312 1553 1364 agnoverunt3
1606 1321 1720 1367 quae
1755 1306 1854 1355 idea
1889 1309 2094 1354 eximium
2130 1309 2294 1355 calculi
2328 1310 2437 1355 alias
2470 1309 2782 1354 intricatissimi

12 1458 13 1471 χ
86 1396 395 1459 compendium
446 1396 652 1456 largitur.
721 1395 882 1456 Atque·
925 1410 1017 1442 non
1064 1396 1216 1442 solum
1257 1396 1370 1444 haec
1413 1400 1475 1443 ita
1517 1414 1564 1444 se
1606 1398 1797 1456 habent,
1850 1400 2031 1462 quando
2074 1417 2214 1448 curva
2254 1418 2463 1464 percursa
2506 1404 2590 1448 sita
2632 1409 2699 1447 est
2740 1403 2783 1446 in

83 1493 242 1540 eodem
283 1492 434 1553 plano,
487 1489 566 1536 sed
606 1492 742 1536 etiam
781 1489 961 1551 quando
1005 1491 1102 1553 ejus
1143 1490 1323 1553 planum
1359 1499 1428 1538 est
1461 1493 1690 1552 variabile3
1741 1501 1837 1541 tum
1872 1503 2022 1541 autem
2058 1496 2193 1558 hujus
2226 1497 2535 1543 variabilitatis
2565 1499 2781 1543 rationem

10 1637 13 1653 Ι
84 1588 294 1651 singulari
331 1585 466 1644 modo
500 1587 560 1632 ita
594 1584 652 1631 ad
687 1584 926 1647 quodpiam
961 1586 1142 1646 planum
1178 1582 1316 1633 fixum
1352 1585 1506 1633 referri
1541 1591 1772 1646 convenit,
1811 1596 1862 1636 ut
1895 1589 1956 1641 ad
1987 1590 2180 1652 quodvis
2206 1598 2384 1654 tempus
2409 1598 2498 1637 tam
2524 1590 2781 1636 intersectio

11 1699 13 1710 ’
83 1697 211 1746 quam
246 1681 478 1727 inclinatio
512 1681 748 1742 planorum
786 1675 1043 1726 definiatur.

214 1791 320 1836 149.
372 1796 652 1837 Scholion
677 1800 730 1840 3·
782 1787 877 1834 Hoc
897 1787 1047 1834 'modo
1082 1790 1510 1850 approximationem
1546 1792 1718 1838 institui
1755 1795 2015 1850 conveniet,
2055 1792 2233 1854 quando
2270 1792 2487 1840 formulae
2521 1793 2776 1853 analyticae,

10 1900 14 1943 g
79 1884 238 1948 quibus
270 1889 421 1928 motus
453 1880 802 1937 determinatur,
836 1882 1161 1928 resolutionem
1197 1899 1288 1929 non
1323 1883 1590 1942 admittunt,
1627 1886 2005 1947 quemadmodum
2040 1890 2085 1933 in
2121 1888 2209 1933 hoc
2245 1890 2387 1950 capite
2419 1904 2501 1935 usu
2529 1890 2664 1943 venit,
2703 1887 2776 1933 ubi

79 1980 200 2028 hunc
248 1977 390 2024 solum
441 1982 718 2038 postremum
770 1990 948 2032 casum,
1000 1992 1090 2038 quo
1141 1992 1307 2039 corpus
1347 1980 1398 2025 M
1430 1979 1533 2025 bina
1576 1988 1801 2027 momenta
1842 1983 2027 2028 inertiae
2068 1990 2278 2044 respectu
2319 1984 2463 2029 axium
2506 1980 2581 2028 JA
2622 1988 2666 2027 et
2706 1981 2776 2027 JB

10 2139 12 2157 Ι
61 2069 276 2136 :aequalia
311 2070 498 2127 habere,
539 2068 821 2131 alterumque
861 2085 1024 2132 corpus
1066 2070 1112 2118 N
1138 2073 1182 2118 in
1217 2074 1316 2134 ipso
1351 2073 1512 2120 horum
1547 2076 1691 2120 axium
1727 2075 1864 2137 plano
1898 2075 2016 2122 AJB
2052 2078 2218 2123 moveri
2256 2076 2523 2138 ponebatur,
2566 2074 2774 2137 expedire

10 2175 11 2240 ]
78 2169 218 2218 licuit.
283 2163 644 2212 Fundamentum
694 2170 841 2209 autem
894 2164 1033 2227 hujus
1082 2168 1471 2228 approximationis
1517 2170 1559 2213 in
1606 2167 1694 2215 hoc
1734 2175 1806 2225 ‚est
1847 2171 2002 2226 situm,
2053 2171 2173 2232 quod
2219 2170 2337 2216 inter
2380 2172 2494 2216 vires
2535 2183 2700 2231 corpus
2734 2167 2780 2214 N

9 2247 12 2310 l
79 2264 363 2312 sollicitantes
402 2273 488 2305 una
533 2273 638 2319 prae
678 2259 839 2304 ceteris
877 2259 1067 2317 eminet,
1121 2275 1234 2321 quae
1268 2260 1326 2307 ad
1359 2269 1578 2323 punctum
1612 2265 1739 2324 quasi
1774 2259 1909 2309 fixum
1947 2264 1985 2310 J
2011 2264 2223 2326 dirigitur
2257 2271 2304 2310 et
2338 2263 2565 2326 quadratis
2600 2262 2772 2308 distan-

9 2362 12 2422 ὴ
78 2359 234 2406 tiarum
282 2356 513 2416 reciproce
554 2359 625 2398 est
665 2354 1033 2415 proportionalis,
1087 2355 1284 2416 reliquae
1325 2362 1476 2402 autem
1516 2359 1634 2403 vires
1675 2373 1782 2419 prae
1824 2358 1909 2404 hac
1944 2360 2032 2404 sint
2070 2358 2197 2405 valde
2233 2360 2431 2420 exiguae.
2498 2357 2616 2403 Tum
2651 2358 2768 2402 enim

76 2459 220 2500 motus
259 2445 461 2510 corporis
493 2446 538 2493 N
564 2462 654 2493 non
695 2447 884 2493 multum
925 2463 949 2493 a
984 2450 1157 2494 ratione
1192 2457 1341 2495 motus
1374 2451 1419 2494 in
1454 2452 1651 2496 sectione
1689 2454 1845 2498 conica
1881 2450 1989 2499 facti
2023 2449 2223 2509 differet,
2274 2453 2405 2515 cujus
2445 2451 2767 2497 aberrationem

10 2547 12 2576 l
75 2553 246 2594 tantum
296 2544 352 2590 ab
380 2544 487 2588 ‘ista
535 2541 637 2602 lege
678 2537 935 2588 definivisse
975 2539 1188 2590 sufficiet.
1259 2543 1648 2613 Quemadmodum
1688 2561 1799 2607 ergo
1838 2546 1907 2592 his
1949 2547 2127 2594 casibus
2169 2562 2253 2608 ope
2288 2546 2677 2608 approximationis
2710 2544 2766 2590 ad

9 2611 11 2625 ἲ
75 2640 341 2688 'solutionem
381 2638 615 2699 pervenire
653 2635 831 2693 liceat„
861 2638 906 2682 in
947 2645 1165 2698 sequente
1209 2639 1355 2699 capite
1398 2642 1648 2700 generatim
1691 2640 2025 2702 explicabimus,
2080 2643 2125 2686 in
2160 2656 2249 2702 quo
2285 2641 2446 2702 duplex
2482 2640 2765 2700 investigatio

9 2725 12 2765 ἶ
74 2711 159 2782 riht
188 2729 482 2788 instituenda,
520 2736 659 2794 prout
691 2737 840 2777 motus
873 2732 1080 2793 corporis
1114 2730 1161 2777 N
1188 2724 1259 2778 vel
1293 2733 1339 2778 in
1374 2732 1530 2780 eodem
1567 2734 1700 2796 plano
1734 2734 2015 2793 absolvetur,
2051 2735 2120 2782 vel
2158 2749 2301 2782 secus.

1224 3034 1494 3092 caput
1537 3035 1611 3084 V.

10 3203 13 3210 Δ
72 3162 511 3220 Determinatio
551 3176 744 3219 motus
785 3166 1083 3236 corpo‘ris,
1136 3169 1372 3237 quando
1412 3169 1571 3222 inter
1610 3168 1796 3236 vires,
1848 3172 2060 3240 quibus
2099 3172 2497 3238 sollicitatur,
2540 3190 2647 3223 una
2688 3173 2754 3223 ad

11 3285 13 3322 ι
72 3277 344 3335 punctum
374 3269 549 3322 fixum
579 3271 869 3336 tendens,
898 3271 1190 3340 quadrato
1222 3267 1549 3324 distantiae
1586 3273 1659 3323 ab
1686 3289 1757 3325 eo
1786 3283 1874 3326 est
1910 3275 2230 3342 reciproce
2256 3275 2752 3344 proportionalis,

2 2815 7 2990 ἓ

2 2997 6 3107 ξ

1 3481 6 3551 ἰ

2 3566 155 3640 last

556 3373 829 3442 reliquae
871 3390 1018 3425 vero
1057 3373 1216 3426 vires
1255 3391 1398 3442 prae
1438 3375 1544 3426 illa
1583 3384 1719 3427 sunt
1757 3376 1930 3429 valde
1970 3393 2207 3445 parvae.

201 3508 302 3555 150.
359 3514 688 3560 Problema-
741 3508 1015 3572 (Fig.182.)
1064 3509 1110 3556 Si
1145 3526 1308 3573 corpus
1343 3510 1389 3557 N
1415 3513 1535 3558 circa
1571 3519 1789 3573 punctum
1825 3514 1950 3574 quasi
1986 3509 2123 3559 fixum
2162 3513 2200 3559 J
2225 3514 2270 3558 in
2303 3511 2461 3558 eodem
2491 3512 2622 3573 plano
2650 3527 2750 3558 mo-

356 3610 534 3660 veatur,
583 3609 718 3665 atque
764 3603 822 3650 ad
871 3603 917 3650 id
970 3604 1175 3651 trahatur
1224 3606 1267 3651 vi
1310 3604 1530 3667 quadrato
1574 3605 1808 3653 distantiae
1854 3608 2087 3668 reciproce
2132 3603 2471 3667 proportionali,
2524 3612 2749 3665 praeterea

356 3690 467 3743 vero
500 3711 524 3743 a
561 3696 726 3743 viribus
762 3696 1107 3759 quibuscunque
1141 3697 1260 3744 illius
1295 3705 1501 3760 respectu
1536 3698 1665 3745 valde
1700 3701 1868 3761 parvis,
1904 3701 2100 3761 corporis
2135 3705 2304 3744 motum
2340 3692 2540 3742 definire.

193 3822 439 3868 solutio.
507 3818 668 3880 Elapso
707 3825 908 3881 tempore
952 3820 996 3865 T
1032 3821 1090 3866 sit
1130 3818 1340 3867 distantia
1383 3819 1461 3866 JN
1472 3841 1532 3860 -—-
1553 3835 1576 3866 ν
1617 3828 1663 3866 et
1703 3819 1895 3882 angulus
1935 3817 2059 3866 AJN
2070 3838 2129 3860 z:
2148 3835 2209 3881 φ,
2251 3825 2304 3865 ut
2345 3819 2435 3863 sint

809 3912 1290 3975 JX=ae=vcoscp
1375 3921 1420 3960 et
1503 3913 1994 3974 XN=y=0siucp.

802 4027 858 4094 ἕο
