2950 4276
221 192 289 245 46
1057 180 1113 231 L.
1155 178 1196 229 E
1208 178 1249 228 U
1261 177 1301 228 L
1312 175 1352 226 E
1362 175 1440 227 Rl
1482 172 1707 226 OPERA
1746 169 2130 222 POSTHUMA.
2638 169 2875 209 Machanica.

218 335 395 386 liorem,
429 347 530 378 cum
564 332 660 391 ipsa
696 327 864 387 cuspis,
902 325 972 369 cui
1009 335 1172 380 corpus
1205 319 1434 379 impingit,
1471 317 1707 378 agitationi
1742 314 1946 376 subjecta
1981 318 2254 359 assumatur:
2289 326 2405 374 quae
2438 311 2619 359 theoria
2655 328 2756 359 cum
2790 327 2908 359 non-

219 427 324 473 dum
366 426 468 470 satis
509 425 568 469 sit
606 421 821 482 exposita,
874 430 1012 476 aeque
1048 420 1118 459 est
1152 407 1335 458 difficile
1369 408 1492 457 istud
1526 409 1884 471 phaenomenum
1919 406 2158 470 explicare,
2210 412 2347 468 atque
2383 406 2663 452 conditiones
2697 421 2908 452 necessa-⁵

220 522 305 565 rias
340 519 581 578 assignare,
634 513 716 558 sub
757 510 917 571 quibus
948 507 996 554 id
1028 509 1087 553 sit
1121 520 1455 552 successurum:
1507 519 1560 550 ex
1593 518 1683 565 quo
1718 502 1911 563 intelligi
1946 507 2116 564 potest,
2170 507 2336 562 quanta
2369 499 2650 563 adjumenta,
2700 502 2746 547 in
2783 501 2904 562 praxi

220 611 476 658 mechanica
512 607 736 660 universa,
774 619 825 649 ex
858 608 1069 648 accurata
1103 598 1363 662 hujusmodi
1383 605 1601 645 motuum
1627 597 2005 658 pertractatione,
2042 597 2204 641 merito
2238 596 2458 656 expectari
2492 601 2673 656 queant.

354 734 425 778 13.
464 727 576 775 Cum
611 734 760 773 autem
795 732 945 773 motus
979 723 1164 771 secundi
1200 725 1376 785 generis
1410 724 1455 768 in
1488 706 1546 768 se*
1570 720 1898 782 complectatur
1929 725 2080 766 motus
2102 720 2233 781 primi
2259 718 2454 779 generis,
2492 716 2675 764 evidens
2701 724 2770 763 est
2794 716 2907 764 illud

218 822 450 871 commode
484 822 698 884 applicari
730 835 823 867 non
857 834 1008 882 posse,
1046 820 1129 864 nisi
1165 819 1289 879 prius
1315 817 1405 863 hoc
1437 815 1681 887 diligenter
1713 811 1849 859 fuerit
1881 813 2175 875 exploratum.
2237 812 2289 859 ln
2323 826 2413 874 quo
2447 812 2621 858 etiamsi
2654 810 2780 856 nulla
2813 823 2909 855 am-

218 918 332 978 plius
366 918 471 962 insit
505 911 772 971 difficultaS,
810 913 944 975 idque
972 913 1066 975 jam
1101 914 1144 957 in
1182 912 1315 956 variis
1351 887 1532 971 scriptis
1567 907 1841 954 mechanicis
1872 906 2096 953 uberrime
2122 908 2182 952 sit
2206 908 2475 968 expositum,
2512 912 2663 952 tamen
2689 911 2911 967 quatenus

217 1012 258 1056 ei
293 1024 437 1072 genus
471 1007 717 1055 secundum
751 1009 979 1062 innititur,
1032 1005 1127 1067 ejus
1172 1005 1458 1065 pertractatio
1494 1001 1550 1048 de
1584 1016 1699 1047 novo
1735 999 2016 1062 suscipienda
2051 1007 2184 1061 atque
2220 1002 2282 1046 ita
2317 997 2579 1046 instruenda
2612 997 2813 1055 videtur,
2859 1003 2911 1043 ut

218 1103 274 1150 ab
315 1119 370 1150 eo
408 1104 476 1150 via
510 1101 568 1148 ad
601 1101 690 1149 hoc
725 1102 916 1147 alterum
951 1104 1260 1160 praeparetur,
1314 1103 1358 1141 et
1391 1097 1610 1143 connexio
1647 1109 1759 1156 quae
1794 1095 1912 1139 inter
1945 1093 2078 1141 ambo
2111 1092 2375 1151 intercedit,
2415 1091 2692 1139 luculentius
2725 1091 2915 1139 demon-

220 1204 403 1244 stretur.
472 1196 612 1251 Quam
653 1196 709 1240 ob
752 1209 932 1240 causam
978 1191 1033 1237 ab
1068 1171 1357 1251 indagatione
1398 1196 1601 1235 motuum
1638 1190 1768 1250 primi
1804 1189 1979 1248 generis
2015 1187 2238 1243 exordiar,
2293 1203 2406 1249 quos
2439 1186 2646 1250 equidem
2682 1202 2733 1232 ex
2768 1187 2919 1249 primis

222 1290 505 1337 Mechanicae
556 1290 784 1351 principiis
834 1289 895 1333 ita
945 1301 1043 1332 sum
1096 1283 1395 1340 derivaturus‚
1450 1290 1502 1329 ut
1550 1284 1644 1345 pari
1696 1282 1870 1328 ratione
1912 1283 2200 1343 investigatio
2250 1288 2455 1328 motuum
2503 1280 2691 1328 secundi
2738 1283 2916 1343 generis

223 1386 385 1446 suscipi
426 1390 574 1445 queat.

359 1508 433 1552 ili.
483 1506 534 1552 ln
568 1506 689 1552 omni
724 1511 874 1550 autem
910 1510 1057 1560 motu,
1109 1509 1340 1564 utcunque
1374 1499 1507 1548 fuerit
1539 1501 1857 1564 complicatus,
1910 1502 2003 1546 sive
2037 1514 2282 1562 corporum
2317 1498 2585 1562 rigidorum‚
2619 1500 2710 1545 sive
2744 1494 2920 1546 flexibi-

226 1602 353 1657 lium,
388 1602 479 1646 sive
514 1601 648 1644 etiam
681 1595 923 1644 fluidorum
957 1595 1294 1657 investigand0‚
1333 1611 1436 1642 cum
1475 1598 1622 1643 variae
1658 1594 1865 1642 methodi
1900 1597 1944 1640 in
1975 1609 2105 1641 usum
2132 1595 2286 1641 vocari
2313 1594 2510 1653 soleant,
2548 1592 2757 1656 equidem
2784 1594 2920 1656 longa

223 1694 494 1756 experientia
543 1691 733 1738 edoctus
781 1698 1042 1752 sequentem
1092 1689 1357 1736 methodum
1406 1705 1497 1736 non
1542 1691 1690 1737 solum
1739 1688 2193 1745 commodissimams
2220 1687 2300 1735 sed
2343 1691 2477 1735 etiam
2518 1689 2580 1735 ita
2615 1695 2921 1751 comparatam

225 1785 520 1849 deprehendi,
558 1793 611 1831 ut
646 1785 702 1832 ad
738 1787 884 1832 omnia
920 1791 1072 1831 motus
1106 1799 1271 1846 genera
1304 1799 1443 1846 aeque
1479 1791 1651 1846 pateat,
1688 1799 1741 1830 ac
1776 1799 1952 1845 semper
1987 1790 2114 1829 certo
2150 1797 2255 1829 cum
2290 1798 2504 1830 successu
2537 1781 2737 1830 adhiberi
2767 1783 2920 1845 possit.

227 1882 373 1928 Primo
407 1880 580 1926 scilicet
620 1882 867 1941 generatim
907 1880 953 1924 in
997 1893 1186 1940 corpore
1227 1885 1400 1924 motum
1441 1893 1754 1940 quemcunque
1796 1879 1940 1923 inesse
1974 1879 2202 1940 concipio,
2255 1854 2333 1939 qui
2367 1876 2550 1940 quidem
2584 1875 2921 1939 generalissime

227 1989 382 2020 omnes
417 1974 546 2035 plane
584 1980 751 2031 motus,
806 1988 999 2035 quorum
1033 1987 1199 2034 corpus
1235 1979 1302 2017 est
1336 1988 1494 2035 capax,
1532 1974 1575 2017 in
1611 1988 1657 2018 se
1692 1972 2036 2035 complectatur.
2107 1970 2342 2029 Secundo,
2383 1987 2465 2034 pro
2498 1971 2688 2034 singulis
2723 1972 2924 2032 corporis

227 2067 457 2130 particulis
498 2070 615 2114 vires
653 2067 709 2113 ad
750 2068 876 2132 hunc
910 2073 1079 2113 motum
1122 2066 1484 2128 prosequendum
1517 2068 1757 2129 requisitas
1791 2068 2034 2129 investigo,
2087 2072 2202 2128 q'uae
2237 2067 2448 2112 nimirum
2483 2073 2669 2113 eatenus
2701 2075 2809 2113 sunt
2842 2080 2923 2111 ne-

227 2162 464 2218 cessariae,
501 2168 724 2223 quatenus
757 2161 983 2223 quaelibet
1017 2160 1235 2222 particula
1271 2160 1340 2207 vel
1375 2176 1466 2208 non
1500 2159 1808 2218 uniformiter,
1844 2161 1914 2207 vel
1949 2176 2040 2207 non
2076 2161 2122 2206 in
2157 2158 2381 2207 directum
2414 2155 2575 2208 fertur.
2626 2160 2808 2218 Tertio,
2843 2160 2925 2207 has

226 2256 341 2301 vires
374 2257 607 2317 requisitas
650 2254 707 2301 ad
747 2262 921 2302 motum
955 2250 1117 2301 fictum
1153 2253 1517 2316 prosequendum
1551 2270 1764 2317 comparo
1799 2270 1902 2301 cum
1935 2254 2122 2312 viribuS,
2157 2270 2183 2301 a
2218 2254 2382 2317 quibus
2415 2269 2580 2317 eorpus
2613 2262 2719 2302 actu
2754 2254 2927 2302 sollici-

226 2355 371 2406 tatur,
418 2364 582 2411 easque
618 2348 688 2395 his
722 2349 1054 2411 aequivalentes
1090 2346 1228 2404 faci03
1279 2348 1403 2411 quod
1436 2365 1526 2412 quo
1560 2347 1740 2396 facilius
1774 2351 1990 2414 praestari
2026 2351 2189 2412 possit,
2242 2350 2407 2397 alteras
2447 2351 2563 2397 vires
2599 2351 2644 2396 in
2679 2351 2925 2421 contrarias

226 2448 463 2498 converto,
516 2457 629 2502 quae
671 2441 856 2503 proinde
900 2456 1001 2487 cum
1044 2442 1195 2487 alteris
1228 2444 1274 2487 in
1306 2443 1572 2503 aequilibrio
1607 2444 1858 2500 consistere
1892 2441 2136 2488 debebunt.
2205 2440 2316 2489 Cum
2350 2444 2488 2503 igitur
2522 2445 2640 2489 vires
2673 2445 2925 2505 requisitae,

226 2537 448 2582 contrarie
484 2536 554 2580 vel
588 2538 795 2596 negative
834 2543 1021 2592 sumtae,
1059 2538 1177 2582 vires
1210 2542 1318 2582 actu
1349 2536 1647 2583 sollicitantes
1680 2535 1938 2593 destruere,
1975 2551 2055 2582 seu
2087 2551 2191 2582 cum
2225 2537 2281 2583 iis
2313 2537 2622 2603 aequilibrium
2649 2540 2927 2586 constituere

229 2627 442 2685 debeant,
483 2628 655 2674 theoria
697 2628 946 2691 aequilibrii
983 2628 1283 2690 suppeditabit
1316 2631 1623 2691 aequationes‚
1667 2630 1830 2692 quibus
1864 2637 2017 2676 motus
2051 2625 2192 2677 fictus
2224 2637 2272 2676 et
2306 2631 2575 2692 generaliter
2608 2639 2835 2680 assumtus
2868 2632 2927 2680 ad

227 2728 401 2769 motum
436 2721 602 2767 realem
634 2721 920 2783 perducitur,
963 2721 1082 2768 unde
1116 2730 1252 2768 verus
1285 2724 1485 2784 corporis
1517 2730 1665 2770 motus
1702 2719 1962 2771 definietur.

365 2847 438 2890 15.
488 2843 657 2899 Quodsi
700 2859 865 2906 corpus
907 2859 998 2891 non
1039 2843 1177 2891 libere
1219 2852 1292 2891 est
1333 2846 1517 2903 mobile,
1571 2845 1652 2894 sed
1686 2847 1784 2910 ejus
1819 2854 1968 2895 motus
2002 2847 2242 2906 limitatur,
2286 2849 2425 2896 veluti
2466 2851 2503 2895 si
2538 2851 2662 2896 circa
2694 2865 2818 2896 axem
2852 2850 2925 2897 vel

226 2945 430 2984 centrum
475 2934 612 2985 fixum
647 2945 877 2995 movetur,
930 2938 1001 2985 vel
1043 2935 1232 2985 fluidum
1267 2955 1348 3001 per
1381 2940 1561 2987 canales
1594 2948 1765 2999 manat,
1801 2948 1898 2989 tum
1933 2940 2195 3004 plerumque
2229 2941 2341 2990 haec
2377 2945 2471 3005 ipsa
2506 2951 2656 2990 motus
2687 2943 2925 2991 obstacula

227 3034 317 3078 vim
351 3032 575 3093 quandam
607 3034 847 3089 sustinent,
885 3033 1014 3095 cujus
1048 3032 1365 3083 determinatio
1398 3050 1477 3096 per
1511 3035 1718 3096 vulgares
1750 3034 1993 3083 methodos
2028 3051 2349 3098 saepenumero
2374 3037 2617 3084 admodum
2641 3034 2698 3084 fit
2723 3034 2926 3088 difficilis

226 3133 272 3172 et
305 3126 492 3173 lubrica.
545 3126 690 3189 Hujus
722 3133 872 3172 autem
907 3126 1111 3174 methodi
1144 3142 1251 3189 ope,
1288 3144 1422 3190 quam
1449 3129 1524 3177 hic
1551 3128 1836 3188 adumbravi,
1870 3137 1917 3177 et
1942 3130 2055 3178 haec
2081 3118 2395 3179 determinatio
2421 3130 2627 3179 redditur
2652 3132 2924 3194 planissima.

227 3221 426 3267 Denotet
458 3221 577 3265 enim
612 3215 659 3266 R*
683 3219 764 3266 has
799 3222 935 3278 vires,
978 3236 1087 3282 quas
1118 3218 1319 3274 fulcrum
1352 3223 1494 3270 aliave
1531 3226 1737 3286 corporis
1771 3225 2007 3272 obstacula
2038 3227 2283 3283 sustineut3
2333 3232 2432 3272 tum
2467 3240 2574 3272 vero
2607 3227 2726 3272 vires
2760 3240 2926 3288 corpus

189 3368 194 3372 ¹
226 3321 333 3360 actu
383 3313 679 3360 sollicitantes
720 3312 1014 3375 designentur
1054 3316 1205 3363 littera
1243 3317 1304 3374 P,
1354 3319 1471 3365 vires
1520 3333 1628 3365 vero
1670 3318 1729 3367 ad
1772 3326 1946 3367 motum
1980 3318 2340 3381 prosequendum
2372 3321 2634 3382 requisitae,
2678 3320 2831 3367 littera
2866 3319 2922 3379 Q.

225 3408 324 3454 Jam
367 3409 575 3469 quoniam
615 3405 808 3453 fulcrum
849 3410 942 3469 pari
978 3411 1022 3454 vi
1057 3411 1102 3455 in
1137 3425 1300 3473 corpus
1332 3413 1499 3474 reagit,
1549 3414 1695 3474 ipsum
1731 3428 1895 3475 corpus
1929 3412 2033 3460 inde
2070 3415 2110 3459 vi
2145 3414 2348 3460 =-R
2380 3413 2614 3461 sollicitari
2648 3413 2925 3462 censendum

226 3509 315 3559 est,
351 3503 411 3547 ita
446 3509 496 3548 ut
531 3516 652 3548 nunc
686 3503 918 3548 universae
954 3505 1072 3549 vires
1105 3505 1152 3551 in
1185 3520 1352 3567 corpus
1384 3514 1574 3567 agentes
1608 3508 1701 3555 sint
1734 3508 2012 3555 =P—R.
2071 3508 2224 3555 Motus
2256 3522 2369 3568 ergo
2405 3509 2468 3554 ita
2501 3516 2788 3570 comparatus
2819 3510 2923 3565 erit,

228 3602 278 3640 ut
312 3596 428 3640 vires
461 3593 520 3640 ad
553 3595 652 3657 ejus
680 3596 1066 3641 ,conservationem
1102 3599 1342 3659 requisitae
1373 3598 1413 3656 Q
1446 3598 1516 3646 his
1550 3600 1718 3647 viribus
1751 3601 1871 3645 P·-.-
1894 3601 1930 3648 R
1964 3597 2164 3663 perfecte
2197 3601 2533 3662 aequivaleant,
2573 3601 2777 3663 haecque
2809 3600 2922 3649 adeo

229 3688 469 3748 aequalitas
501 3689 724 3763 subsistat,
752 3687 791 3745 Q
809 3708 872 3728 =
892 3690 1016 3735 P—
1034 3689 1093 3747 R,
1133 3706 1186 3737 ex
1219 3707 1306 3753 qua
1342 3695 1464 3741 actio
1499 3709 1580 3740 seu
1615 3695 1782 3756 pressio
1816 3696 2017 3757 corporis
2050 3696 2097 3741 in
2130 3692 2326 3742 fulcrum
2353 3696 2438 3742 erit
2466 3695 2504 3742 R
2522 3690 2585 3736 ὲ
2605 3696 2649 3742 Ρ
2667 3721 2728 3731 -
2749 3693 2809 3752 Q,
2843 3709 2923 3742 seu

229 3779 341 3825 haec
382 3782 549 3841 pressio
592 3782 787 3844 aequalis
827 3783 912 3828 erit
952 3782 1119 3831 viribus
1160 3798 1326 3847 corpus
1363 3793 1471 3833 actu
1515 3786 1884 3843 sollicitantibuS,
1927 3786 2090 3835 demtis
2137 3787 2307 3835 viribus
2340 3786 2398 3835 ad
2432 3794 2583 3836 motus
2614 3789 2928 3837 conservatio-

234 3886 334 3916 nem
369 3875 605 3934 requisitis.
1983 3858 1986 3859 ⁷
