2950 4276
1181 161 1486 214 Astronomia
1523 162 1810 214 mecham‘ca.
2671 167 2772 219 195

209 303 285 351 56.
335 311 558 354 Coroll-
583 315 635 356 2.
687 292 801 350 Hoc
824 311 972 350 autem
1014 311 1146 352 motu
1178 305 1495 368 superaddito,
1546 315 1698 355 motus
1731 323 1968 372 corporum
2004 311 2284 371 respectivus
2317 311 2434 356 inter
2468 325 2515 356 se
2549 326 2640 357 non
2676 327 2776 358 mu-

0 391 1 400 *
75 396 266 453 vibitur,
318 412 370 443 ex
413 398 678 459 quo·totius
721 396 875 443 mundi
913 412 1151 443 commune
1194 406 1402 446 centrum
1435 401 1619 447 inertiae
1653 408 1864 464 tanquam
1898 404 2133 465 quiescens
2174 407 2367 465 spectari
2403 411 2571 466 potest,
2625 412 2775 452 motus

76 493 198 538 enim*
225 490 510 553 singulorum
544 505 783 552 corporum
815 489 872 536 ab
906 489 1063 537 iisdem
1100 490 1271 538 viribus
1304 488 1553 550 efficietur,
1589 496 1681 541 sive
1714 495 1838 542 istud
1871 503 2075 543 centrum
2105 499 2330 559 quiescat,
2366 502 2459 545 sive
2490 495 2777 546 uniformiter

76 584 377 632 indirectum
410 591 744 647 promoveatur.

208 707 284 753 57.
336 714 558 757 Col-011.
582 719 636 760 3.
694 706 838 762 Quare
888 706 924 752 si
976 712 1149 752 motum
1190 722 1432 768 corporum
1472 709 1797 770 respectivum,
1853 718 2067 774 respectu
2109 714 2358 759 communis
2407 717 2548 761 centri
2590 717 2775 763 inertiae

79 793 266 848 definire
299 792 514 858 velimuS,
544 815 636 847 non
669 801 777 847 alias
812 802 950 856 vires,
985 807 1167 862 praeter
1198 816 1292 858 eas,
1328 800 1491 863 quibus
1526 802 1703 864 singula
1737 818 1930 865 corpora
1963 819 2119 851 revera
2144 805 2466 865 sollicitantur,
2502 809 2776 857 considerari

78 904 190 956 (rpus
223 901 304 940 est.

212 1019 288 1065 58.
339 1025 622 1069 Scholion
654 1029 699 1071 1.
768 1017 842 1065 Ιυχ
865 1017 1155 1066 Astronomia
1196 1025 1346 1064 autem
1381 1034 1527 1081 neque
1569 1026 1716 1070 motus
1750 1034 1989 1082 corporum
2026 1020 2296 1067 coelestium
2330 1020 2581 1080 absolutOS,
2635 1039 2776 1087 neque

78 1108 136 1159 ad
177 1127 330 1159 eorum
371 1127 609 1160 commune
651 1120 857 1161 centrum
894 1114 1079 1159 inertiae
1113 1112 1279 1159 relatos
1313 1112 1607 1175 contemplari
1641 1112 1861 1171 solemus,
1913 1112 1993 1159 sed
2028 1115 2179 1176 potius
2213 1116 2490 1176 propositum
2526 1123 2595 1163 est
2625 1134 2779 1166 corum

79 1207 227 1254 motus
260 1212 471 1268 respectu
505 1209 704 1269 corporis
737 1208 987 1272 cujuspiam
1016 1186 1251 1264 mundani,
1289 1207 1443 1269 quales
1469 1208 1736 1269 spectatori,
1772 1209 1817 1253 in
1844 1207 1941 1270 ejus
1968 1215 2125 1254 centro
2152 1209 2340 1254 inertiae
2368 1207 2604 1267 collocato,
2633 1219 2782 1258 essent

81 1286 349 1367 apparituri,
385 1302 628 1363 assignare.
696 1299 766 1348 Ita
799 1308 949 1348 motus
983 1302 1265 1364 planetarum
1300 1301 1609 1368 primariorum
1642 1308 1697 1347 ut
1728 1307 1777 1347 et
1811 1308 2090 1348 cometarum
2124 1300 2183 1348 ad
2218 1309 2422 1348 centrum
2455 1302 2582 1359 solis,
2618 1318 2783 1351 secun-

81 1397 307 1444 dariorum
347 1411 454 1442 vero
493 1394 557 1445 ad
591 1397 1033 1457 centrumfprimarii
1067 1392 1224 1442 referri
1259 1395 1421 1442 solent.
1492 1394 1555 1461 Ut
1589 1402 1742 1441 autem
1775 1394 1820 1440 hi
1855 1402 2007 1442 motus
2040 1402 2304 1457 apparentes
2337 1410 2417 1457 per
2450 1396 2675 1443 calculum
2708 1413 2782 1444 re-

82 1491 335 1554 periantur,
372 1488 418 1535 id
451 1504 635 1551 corpus,
670 1505 722 1535 ex
757 1490 886 1552 cujus
920 1497 1079 1537 centro
1112 1491 1141 1535 ii
1177 1491 1370 1552 spectari
1405 1489 1742 1550 concipiuntur,
1783 1496 1998 1551 tanquam
2032 1490 2268 1550 quiescens
2302 1489 2559 1545 assumitur,
2601 1491 2786 1553 reliquis

82 1574 209 1636 tero,
259 1590 435 1646 praeter
468 1584 608 1640 vires,
660 1584 823 1645 quibus
857 1599 1016 1630 revera
1050 1582 1374 1640 sollicitantur,
1425 1585 1607 1644 insuper
1638 1584 1754 1629 vires
1788 1582 1999 1644 applicari
2036 1582 2224 1637 debent,
2267 1592 2381 1644 quae
2415 1584 2505 1628 sint
2540 1582 2704 1630 similes
2738 1592 2784 1631 et

83 1680 328 1726 contrariae
362 1679 440 1730 iis,
483 1676 645 1739 quibus
678 1692 845 1739 corpus
879 1677 1115 1739 quiescens
1148 1683 1360 1738 urgetur;
1402 1674 1578 1722 scilicet
1611 1674 1695 1721 hae
1730 1677 1847 1722 vires
1880 1676 2024 1738 primo
2058 1690 2143 1739 per
2177 1690 2363 1737 massam
2397 1678 2599 1738 corporis
2633 1679 2809 1744 quies-¹

84 1773 222 1820 centis
255 1770 410 1828 dividi,
446 1777 544 1818 tum
578 1760 691 1818 vero*
719 1773 882 1817 iterum
915 1786 996 1833 per
1030 1786 1217 1817 massam
1253 1771 1475 1834 cujusque
1510 1770 1710 1831 corporis
1741 1771 1874 1826 moti,
1911 1771 1984 1816 cui
2017 1777 2124 1815 sunt
2149 1769 2457 1831 applicandae,
2502 1770 2785 1833 multiplicari

0 1851 8 1912 Ἰ.
84 1866 268 1923 debent,
319 1868 370 1912 ut
411 1866 457 1910 in
489 1863 570 1935 ‘his
608 1865 872 1928 corporibus
910 1866 1138 1928 aequalem
1182 1874 1227 1912 et
1263 1867 1537 1934 contrariam
1572 1873 1721 1911 motus
1755 1865 2139 1927 perturbationem
2177 1864 2430 1927 producant
2464 1867 2525 1922 ei,
2576 1880 2708 1927 quam
2741 1867 2785 1912 in

51 1977 294 2024 ¹corpore,
347 1958 470 2022 quod
510 1961 746 2021 quiescens
779 1962 1039 2018 assumitur,
1090 1959 1395 2023 producturae
1427 1952 1634 2006 fuissent.
1705 1957 1828 2006 Haec
1870 1960 2024 2022 regula
2066 1961 2150 2006 rite
2194 1959 2432 2006 observata
2474 1958 2695 2021 perducet
2727 1958 2784 2005 ad

86 2062 231 2103 motus
262 2060 546 2116 apparentes,
582 2068 633 2098 ex
667 2053 828 2115 quibus
862 2053 1073 2115 deinceps
1108 2061 1260 2099 motus
1297 2054 1409 2109 veri,
1445 2055 1481 2098 si
1517 2061 1668 2100 motus
1703 2056 1926 2115 corporis,
1963 2052 2085 2115 quod
2121 2067 2202 2114 pro
2237 2054 2495 2114 quiescente
2528 2053 2785 2109 assumitur,

85 2146 220 2196 fuerit
253 2149 486 2210 cognituS,
540 2144 673 2194 facile
708 2142 1008 2203 definiuntur,
1045 2146 1267 2208 siquidem
1301 2161 1413 2208 opus
1444 2144 1583 2193 fuerit
1617 2162 1694 2193 eos
1727 2162 1882 2193 nosse:
1935 2161 2111 2209 semper
2144 2148 2262 2192 enim
2297 2141 2469 2192 sufficit
2502 2152 2649 2192 motus
2682 2152 2787 2190 tan-

86 2249 183 2290 tum
215 2243 498 2304 respectivos
532 2243 649 2287 inter
681 2256 727 2286 se
760 2229 927 2286 habere
962 2241 1183 2301 cognitos.
1233 2240 1305 2287 Ac
1340 2242 1375 2286 si
1407 2240 1494 2287 hos
1528 2247 1677 2288 motus
1711 2248 1920 2302 respectu
1949 2241 2083 2286 unius
2109 2241 2387 2294 noverimus,
2422 2236 2553 2285 facile
2579 2244 2787 2301 respectu

87 2334 303 2398 cujusque
344 2333 456 2380 alius
498 2332 916 2391 determinabimus,
969 2331 1349 2395 quemadmodum
1389 2333 1652 2380 Astronomi
1691 2349 1743 2380 ex
1785 2334 1899 2380 locis
1937 2333 2215 2396 planetarum
2256 2332 2594 2379 heliocentricis
2627 2346 2786 2378 eorum

89 2429 186 2476 loca
225 2430 495 2491 geometrica
537 2429 702 2475 elicere
737 2428 906 2474 solent:
954 2428 1130 2474 scilicet
1162 2429 1347 2489 cognito
1381 2435 1507 2474 motu
1542 2428 1824 2489 planetarum
1858 2442 1910 2474 ac
1943 2425 2132 2489 proinde
2166 2429 2298 2472 etiam
2332 2433 2501 2483 terrae,
2554 2424 2699 2487 qualis
2736 2440 2784 2470 ex

88 2531 243 2571 centro
276 2523 385 2570 solis
419 2529 538 2569 esset
569 2523 875 2585 appariturus,
909 2536 988 2584 per
1020 2522 1160 2568 solam
1195 2521 1496 2569 Geometriam
1531 2521 1635 2568 inde
1672 2521 1905 2584 colligitur
1939 2528 2088 2568 motus
2122 2536 2297 2578 eorum,
2335 2535 2425 2582 quo
2458 2520 2703 2582 spectatori
2741 2519 2788 2564 in

66 2608 241 2666 'centro
291 2623 437 2663 terrae
470 2618 618 2679 posito
668 2614 882 2679 progredi
933 2614 1164 2673 videntur,
1217 2615 1340 2662 unde
1381 2613 1593 2677 deinceps
1633 2617 1767 2662 etiam
1809 2621 1956 2662 motus
1996 2629 2214 2677 apparens
2254 2629 2336 2676 pro
2378 2612 2706 2676 spectatoribus
2741 2612 2787 2657 in

89 2707 323 2776 superficie
364 2719 509 2758 terrae
544 2712 802 2758 constitutis
834 2707 967 2758 facile
1002 2709 1309 2758 concluditur.

198 2844 294 2889 59.
347 2849 629 2891 Scholion
652 2851 704 2893 2.
753 2839 864 2887 Cum
899 2855 1113 2887 numerus
1147 2855 1382 2902 corporum
1417 2842 1462 2886 in
1498 2838 1666 2887 mundo
1699 2840 1983 2886 existentium
2020 2846 2065 2885 et
2099 2853 2144 2884 se
2181 2844 2337 2887 mutuo
2373 2836 2697 2883 attrahentium
2729 2837 2787 2882 sit

89 2938 211 3002 quasi
243 2931 468 2993 infinitus,
491 2962 495 2965 «
520 2950 676 2981 eorum
712 2941 862 2982 motus
894 2936 1172 2981 exactissime
1205 2925 1400 2981 definire
1432 2933 1559 2981 haud
1594 2933 1720 2990 licet,
1763 2934 1846 2980 nisi
1883 2949 1966 2996 pro
2001 2947 2239 2994 corporum
2274 2947 2322 2977 se
2358 2937 2517 2977 mutuo
2551 2928 2787 2975 attrahen-

90 3031 199 3095 tium
232 3043 418 3076 numero
457 3029 744 3091 quantumvis
780 3042 946 3089 magno
979 3034 1131 3074 motus
1164 3026 1268 3074 inde
1304 3027 1519 3075 oriundos
1553 3027 1851 3074 determinare
1887 3025 2180 3082 voluerimuS,
2232 3022 2353 3087 quod
2390 3023 2617 3085 problema
2652 3023 2787 3067 tantis

90 3123 248 3192 calculi
287 3117 635 3170 difficultatibus
677 3122 928 3168 involutum
969 3120 1342 3184 deprehenditur,
1394 3129 1444 3168 ut
1487 3123 1709 3183 sagacitas
1749 3120 1944 3167 humana
1984 3118 2048 3165 illi
2090 3117 2329 3166 enodando
2365 3119 2542 3162 minime
2577 3111 2786 3162 sufficere

90 3207 305 3266 videatur.
372 3217 541 3264 Verum
575 3231 764 3278 corpora
799 3214 1025 3262 mundana
1060 3217 1120 3262 ita
1155 3214 1392 3262 commode
1427 3230 1451 3261 a
1486 3217 1812 3278 sapientissimo
1846 3213 2087 3261 Conditore
2124 3212 2338 3274 disposita
2373 3208 2785 3272 deprehenduntur,

91 3318 143 3360 ut
173 3313 317 3376 primo
356 3311 422 3358 sol
459 3300 506 3357 et
540 3311 692 3357 stellae
727 3305 839 3356 fixae
873 3317 965 3356 tam
1000 3311 1138 3356 vastis
1170 3325 1195 3356 a
1229 3325 1276 3356 se
1313 3311 1504 3356 invicem
1539 3308 1780 3356 intervallis
1814 3310 1905 3354 sint
1939 3314 2160 3363 remotae,
2205 3312 2256 3352 ut
2287 3307 2424 3362 vires,
2465 3304 2626 3366 quibus
2660 3304 2703 3347 in
2738 3317 2784 3347 se

93 3362 250 3454 inutuo
283 3413 444 3468 agunt,
480 3420 571 3451 non
605 3404 812 3452 obstante
846 3400 1011 3450 horum
1044 3417 1286 3467 corporum
1320 3405 1487 3466 insigni
1521 3404 1660 3460 mole,
1697 3418 1780 3466 pro
1813 3401 1956 3448 nihilo
1991 3402 2081 3447 sint
2114 3397 2408 3461 reputandam
2464 3395 2581 3442 unde
2617 3390 2647 3440 Γ
2653 3401 2691 3451 t
2733 3400 2784 3439 ut

93 3464 242 3546 stellas
282 3487 391 3546 fixas
430 3512 536 3544 cum
576 3497 668 3544 sole
710 3503 922 3559 tanquam
958 3511 1150 3559 corpora
1186 3498 1460 3560 quiescentia
1495 3504 1544 3543 et
1577 3496 1712 3543 nullis
1748 3494 1918 3542 viribus
1958 3510 2004 3541 se
2045 3501 2204 3541 mutuo
2247 3491 2530 3538 sollicitantia
2579 3494 2784 3551 spectare

93 3569 249 3675 liceat,
300 3580 422 3655 quod
473 3590 757 3639 commodum
806 3591 1065 3653 neutiquam
1110 3590 1259 3637 locum
1299 3597 1418 3637 esset
1460 3590 1746 3644 habiturum,
1794 3591 1830 3636 si
1874 3588 2121 3635 minoribus
2161 3583 2401 3631 intervallis
2439 3597 2463 3628 a
2505 3596 2552 3626 se
2596 3580 2784 3625 invicem

99 3683 322 3732 distarent.
391 3681 566 3732 Deinde
604 3685 737 3731 etiam
772 3683 976 3746 planetae
1010 3691 1057 3730 et
1088 3691 1290 3732 cometae
1325 3699 1555 3747 nunquam
1589 3690 1827 3745 tantopere
1861 3697 1887 3729 a
1921 3680 2017 3729 sole
2053 3677 2264 3727 recedere
2299 3674 2527 3730 videntur,
2563 3679 2615 3719 ut
2650 3675 2781 3727 vires,

96 3765 204 3842 quas
234 3795 259 3826 a
292 3778 435 3827 stellis
472 3775 571 3826 fixis
604 3780 848 3836 sustinent,
883 3795 986 3842 prae
1023 3780 1066 3825 vi
1101 3779 1208 3827 solis
1241 3781 1480 3843 quicquam
1516 3780 1730 3826 momenti
1764 3778 2082 3839 adipiscant.ur
2136 3773 2254 3819 Tum
2288 3784 2395 3816 vero
2421 3769 2551 3815 etiam
2577 3767 2782 3829 planetae

98 3869 362 3937 principales
396 3880 443 3920 et
476 3866 681 3921 cometae
713 3887 796 3935 pro
830 3875 924 3920 suis
958 3875 1113 3921 massis
1148 3875 1287 3921 tantis
1321 3870 1548 3921 distantiis
1580 3888 1606 3920 a
1639 3872 1912 3919 seinvicem
1946 3873 2126 3916 manent
2161 3865 2376 3929 sejuncti,
2420 3869 2472 3909 ut
2504 3863 2640 3913 vires,
2681 3862 2782 3922 qui-

2479 3954 2507 3983 ἡ
