2950 4276
194 129 301 184 294
1015 126 1072 177 L.
1115 124 1402 177 EULERI
1443 123 1672 177 OPERA
1711 122 2095 177 POSTHUMA.
2604 129 2880 176 Amnum-la.

321 292 431 338 218.
499 296 718 338 Coroll-
743 295 794 337 2.
854 283 1002 330 Ducto
1048 297 1158 330 arcu
1200 283 1287 329 MR
1302 318 1314 340 ,
1373 283 1476 345 quia
1518 281 1574 329 ad
1611 289 1854 347 utrumque
1891 281 2190 347 quadrantem
2229 291 2300 349 est
2336 284 2577 345 normalis,
2634 288 2882 341 resolvatur

190 382 466 444 triangulum
499 377 776 440 sphaericum
821 373 984 432 ῼΜΝ,
1021 375 1068 420 in
1103 387 1191 436 quo
1219 372 1385 420 dantur
1410 373 1551 421 latera
1587 382 1628 428 Ω
1647 375 1698 420 Μ
1709 394 1771 414 =
1790 386 1840 431 σ,
1886 365 2260 435 ΩΝὲ-θ-ιμ
2291 382 2339 422 et
2361 377 2559 440 angulus
2583 381 2682 436 ΜΩ
2697 380 2743 428 Ν
2749 403 2813 425 =
2827 400 2878 443 ω,

189 480 460 536 inventoque
492 472 631 519 latere
665 468 759 515 MN
787 483 889 515 cum
925 467 1097 531 angulo
1140 476 1181 523 Ω
1202 465 1305 525 ΜΝ,
1344 469 1433 515 erit
1461 466 1692 529 -λ-τΜΝ
1718 475 1766 515 et
1797 467 2415 528 sinu=sin2cosgzlnm
2541 525 2558 528 Η
2755 481 2760 483 ’
2815 531 2820 541 ⁸
2877 534 2879 538 Α

318 567 427 613 219.
479 570 699 611 col-011.
726 572 778 611 3.
844 561 968 608 Loco
1018 560 1293 623 tempusculi
1346 560 1396 606 dt
1437 554 1629 623 spatium
1670 576 1761 609 non
1798 561 1946 608 solum
1986 560 2159 625 aliquot
2198 561 2411 610 horarum
2458 562 2539 612 sed
2580 566 2714 613 etiam
2752 580 2881 631 saepe

186 661 357 708 dierum
392 658 490 720 capi
523 662 694 719 potest,
729 656 812 702 nisi
846 656 1012 717 positio
1045 656 1247 716 corporis
1271 652 1327 701 -Ν
1351 656 1530 701 ratione
1562 656 1711 717 ipsius
1737 656 1789 701 M
1818 643 2031 702 citissime
2063 641 2278 704 varietur.
2332 656 2451 705 Tum
2475 673 2540 708 -ex
2570 663 2703 707 motu
2737 659 2890 719 mediq

185 769 265 818 pro
315 751 405 799 hoc
450 751 665 812 temporis
713 751 859 812 spatio
901 727 1143 811 colligatur
1188 748 1384 810 angulus
1424 748 1457 794 d
1468 751 1498 807 ζ
1509 785 1522 806 ,
1565 748 1758 812 indeque
1800 751 1889 797 erit
1921 749 2052 811 νοάφ
2071 750 2243 809 Ξοάζ
2258 746 2389 814 ch,
2440 768 2573 816 quem
2610 752 2807 802 valorem
2838 757 2884 805 in

184 846 373 911 singulis
405 843 817 908 perturbationibus
857 844 1187 891 momentaneis
1225 842 1437 889 substitui
1471 849 1663 905 oportet.
1699 846 1703 850 ’
2166 848 2169 852 ’
2728 863 2732 868 =
2819 849 2888 895 *z-'l

316 955 427 1000 220.
496 960 794 1002 Scholion.
858 952 919 998 Ex
961 950 1032 998 his
1075 952 1307 1013 principiis
1344 950 1706 1015 perturbationes
1745 958 1895 1000 motus
1928 953 2148 1017 cujusque
2181 953 2384 1016 planetae
2417 953 2678 1019 principalis
2710 951 2883 1006 definiri

184 1054 421 1112 poterunt,
471 1052 689 1108 quatenus
730 1044 786 1090 ab
821 1046 998 1103 actione
1034 1042 1147 1090 alius
1182 1043 1382 1104 planetae
1418 1043 1498 1090 vel.
1524 1044 1660 1094 etiam
1695 1040 2165 1102 cometae'oriuntur3
2214 1046 2271 1093 ad
2304 1046 2506 1109 planetas
2539 1054 2691 1095 autem
2724 1062 2886 1098 secun-

184 1140 347 1198 darioS‚
382 1154 462 1186 seu
496 1138 728 1194 satellites,
764 1137 877 1183 haec
910 1135 1154 1183 methodus
1187 1130 1334 1182 minus
1359 1134 1596 1183 commode
1622 1135 1956 1184 accommodari
1983 1145 2154 1199 potest,
2187 1138 2552 1204 qnandoquidem
2585 1142 2893 1235 assumsimusr'
2944 1110 2950 1166 Ι

182 1240 356 1282 remoto
406 1247 594 1294 corpore
637 1230 951 1293 perturbante,
1001 1236 1171 1276 motum
1212 1226 1420 1276 futurum
1457 1244 1557 1276 esse
1599 1230 1874 1292 regularem3
1926 1231 2034 1279 hinc
2075 1233 2225 1294 itaque
2267 1233 2630 1295 perturbationes
2660 1223 2718 1283 ¹i'n
2758 1228 2885 1285 motu
2944 1232 2950 1299 ’ἶ

182 1329 341 1384 lunae,
394 1341 508 1389 quae
551 1322 672 1372 forte
713 1324 778 1370 ab'
814 1325 991 1370 actione
1031 1309 1267 1388 cujusdam
1301 1322 1507 1386 planetae
1543 1323 1615 1371 vel
1649 1331 1851 1371 cometae
1885 1320 2260 1387 proficiscuntur,
2310 1325 2607 1376 determinare
2640 1337 2883 1392 nequeunt.
2945 1310 2950 1338 ³

183 1421 263 1470 Sin
311 1427 463 1468 autem
504 1421 599 1482 ipse
642 1418 711 1465 sol
752 1425 804 1464 ut
845 1428 1010 1481 corpus
1052 1417 1320 1480 perturbans
1362 1416 1696 1475 consideretur,
1748 1420 1842 1465 sine
1883 1418 2015 1483 cujus
2040 1422 2233 1467 'actione
2274 1421 2381 1468 luna
2424 1428 2598 1469 motum
2632 1423 2903 1486 regularem¹
2940 1465 2941 1475 ,

182 1523 298 1564 esset
333 1514 561 1571 habitura,
614 1513 954 1575 inaequalitates
989 1519 1139 1560 motus
1174 1512 1303 1589 lunae
1335 1511 1445 1559 hinc
1478 1511 1753 1560 concludere
1788 1513 1961 1571 licebit,
2007 1513 2091 1563 sed
2133 1516 2235 1579 quia
2268 1517 2390 1564 actio
2422 1515 2532 1565 solis
2563 1524 2634 1566 est
2665 1519 2899 1587 perenni&

182 1610 392 1658 collectio
427 1607 818 1671 perturbationum
855 1614 1268 1654 momentanearum
1307 1607 1647 1654 conclusionem
1684 1609 1815 1655 nimis
1847 1607 2064 1655 lubricam
2098 1608 2263 1656 reddit.
2319 1609 2554 1658 Maximum
2579 1618 2730 1659 autem
2756 1626 2887 1662 usum

183 1704 296 1752 haec
346 1701 588 1750 methodus
637 1701 902 1764 praestabit,
932 1703 993 1747 ,si
1039 1703 1158 1748 actio
1205 1700 1460 1763 cujuspiam
1507 1708 1711 1749 cometae
1757 1703 1821 1749 in*
1845 1709 2036 1751 motum,
2058 1703 2263 1766 planetae
2305 1705 2581 1767 principalis,
2633 1720 2715 1768 per
2755 1706 2885 1771 cujus

182 1801 388 1848 viciniam
422 1803 599 1844 cometa
630 1797 818 1852 transit,
854 1796 1114 1857 investigari
1150 1794 1336 1842 debeat:
1370 1797 1580 1858 quoniam
1613 1798 1732 1842 enim
1767 1798 1889 1843 actio
1926 1804 2126 1844 cometae
2159 1812 2250 1845 non
2278 1789 2446 1846 diutius
2473 1806 2625 1846 manet
2650 1789 2882 1860 sensibilis,
2936 1775 2937 1780 ¹

182 1908 315 1958 quam
366 1890 474 1938 dum
523 1890 620 1954 ejus
672 1887 880 1937 distantia
920 1903 955 1934 a*
981 1888 1158 1950 planeta
1199 1885 1359 1936 fuerit,
1379 1888 1509 1936 valde
1543 1903 1699 1952 parva,
1752 1887 2247 1955 omnindsuperssuu'm
2276 1889 2416 1950 foret,
2468 1900 2612 1941 totam
2644 1896 2935 1956 actio-euml

181 2003 312 2051 quam
354 1991 530 2032 cometa
570 1998 648 2046 per
685 1986 831 2028 totum
866 1997 994 2028 suum
1028 1990 1205 2054 tempus
1242 1982 1520 2045 periodicum
1555 1986 1714 2041 exerit,
1767 1986 1996 2047 exquirere
2033 1985 2170 2042 velle,
2223 2000 2358 2048 quem
2391 1987 2435 2033 in
2468 1983 2606 2035 finem
2647 1987 2900 2052 integralia'

182 2088 434 2128 nostrarum
475 2074 772 2124 formularum
813 2075 1016 2122 exhiberi·
1050 2090 1166 2138 opus
1206 2082 1341 2123 esset.
1411 2071 1623 2124 Sufficiet
1665 2078 1806 2139 igitur
1844 2065 2101 2140 perbreve
2139 2085 2318 2141 tempus
2357 2073 2568 2126 effectum
2603 2087 2807 2128 cometae
2838 2082 2883 2129 in
2930 2063 2933 2090 s

185 2173 332 2223 orbita
382 2171 632 2235 cujuspiam
683 2169 886 2231 planetae
938 2167 1241 2231 perturbanda
1291 2171 1580 2233 cognovisse,
1635 2170 1679 2217 id
1731 2168 1853 2233 qu'od
1904 2187 1988 2234 ope
2029 2168 2322 2219 formularum
2364 2167 2724 2221 differentialium
2765 2147 2886 2225 haud
2927 2174 2931 2222 f

182 2264 431 2318 difficulter
472 2264 788 2329 praestabitur.
855 2262 995 2312 Casus
1035 2271 1208 2323 autem,
1254 2265 1418 2327 quibus
1457 2272 1659 2313 cometae
1693 2265 1752 2312 ad
1787 2267 1986 2328 planetas
2017 2274 2113 2334 tam
2147 2282 2293 2333 prope
2321 2266 2566 2326 accedunt,
2618 2274 2670 2315 ut
2705 2266 2900 2331 penna

181 2363 412 2411 bationem
453 2358 698 2406 notabilem
733 2354 915 2405 efficere
950 2366 1139 2421 queant,
1194 2358 1486 2407 vehementer
1518 2374 1622 2408 raro
1656 2359 1883 2408 accidunt.
1955 2360 2022 2407 Ac
2055 2363 2092 2408 si
2127 2334 2303 2408 cometa
2333 2362 2436 2407 anni
2478 2363 2603 2409 1682
2636 2361 2890 2413 secundun
2930 2361 2934 2370 '

181 2455 530 2520 praedictionem
573 2452 667 2500 Cel.
704 2452 949 2501 Clairaut
991 2451 1081 2499 hoc
1120 2468 1240 2501 anno
1288 2454 1412 2501 1759
1454 2460 1730 2511 revertatur,
1783 2453 2088 2516 phaenomena
2129 2455 2345 2517 imprimis
2385 2454 2628 2517 singularia
2671 2457 2716 2516 in
2758 2458 2891 2508 motu'

180 2559 326 2598 terrae
368 2549 425 2595 ab
466 2547 564 2611 ejus
603 2548 780 2610 actione
815 2548 1041 2609 expectari
1077 2555 1286 2609 possent,
1338 2554 1577 2610 propterea
1612 2547 1736 2610 quod
1770 2550 1813 2594 in
1850 2550 1958 2595 satis
1992 2550 2150 2610 exigua
2183 2563 2206 2594 a
2241 2555 2358 2595 terra
2395 2547 2602 2597 distantia
2639 2535 2889 2612 praeterlass*
2920 2537 2923 2583 ]

182 2644 328 2692 batur.
395 2640 573 2704 Operae
614 2654 727 2701 ergo
767 2641 973 2702 pretium,
999 2641 1106 2698 erit,
1149 2655 1236 2703 ope
1275 2638 1570 2689 formularum
1606 2641 1875 2690 traditarum
1906 2644 1968 2690 in·
1985 2642 2367 2704 perturbationem
2402 2650 2551 2691 motus
2583 2648 2731 2692 terrae
2764 2643 2921 2707 ejunii¹

185 2753 274 2801 que
315 2736 503 2793 orbitae,
557 2734 614 2781 ab
655 2736 834 2781 actione
862 2733 1005 2796 hujus
1039 2741 1241 2782 cometae
1275 2733 1534 2792 oriundam,
1577 2737 1822 2798 inquirere,
1874 2742 1929 2783 ut*
1965 2735 2201 2798 deincepS‚
2252 2736 2434 2799 quando
2475 2736 2694 2785 elementa
2737 2727 2920 2788 motui*

184 2824 558 2882 istius‘cometae
593 2829 846 2876 accuratius
879 2816 1012 2876 erunt
1044 2824 1250 2887 definita,
1285 2827 1344 2876 ad
1376 2828 1465 2876 hoc
1498 2830 1746 2892 exemplum
1783 2830 1958 2894 plenior
1991 2831 2279 2893 investigatio
2313 2832 2480 2894 suscipi
2516 2832 2670 2895 possit.
2770 2874 2775 2878 .
2812 2837 2900 2891 aeuo,

1325 3147 1749 3215 Digressu,
1783 3186 1816 3202 „
2726 3178 2729 3183 -
2791 3139 2912 3205 „uf-,0³

313 3305 426 3359 qua
472 3287 733 3341 effectus
780 3286 1061 3341 Cometae
1110 3286 1171 3340 A.
1217 3286 1360 3341 1759
1408 3289 1725 3356 expectati
1772 3288 1832 3340 in
1876 3296 2296 3342 motuterrae
2344 3286 2759 3356 perturbando

1327 3405 1748 3475 investigatur.
1863 3467 1866 3469 Α

245 3567 252 3582 ‘
327 3556 363 3604 1.
412 3555 577 3605 ¹Primo
617 3553 798 3616 quidem
839 3569 1013 3602 assumo
1052 3553 1175 3603 hunc
1216 3562 1438 3604 cometam
1478 3554 1725 3604 secundum
1765 3555 1921 3616 eadem
1964 3556 2183 3603 elementa
2215 3554 2360 3600 >latum
2398 3554 2484 3606 iri,
2530 3557 2644 3615 qnae
2677 3553 2761 3615 pro
2793 3545 2902 3615 eju-‘t
2946 3595 2950 3605 ,

196 3650 490 3711 apparitione·
515 3648 570 3695 A.
612 3649 737 3695 1682
781 3654 888 3694 sunt
927 3646 1265 3696 determinata.-
1303 3648 1398 3696 Etsi
1430 3650 1551 3697 enim
1592 3649 1651 3698 ob
1691 3651 1917 3698 actionem
1950 3646 2090 3697 «lovis
2114 3650 2175 3694 et}
2193 3645 2386 3694 Saturni
2407 3645 2505 3709 ejus
2536 3641 2907 3717 tempuss'perlbi

195 3742 348 3790 dicum
384 3743 508 3804 quasi
541 3742 722 3789 biennio
754 3738 843 3787 fuit
874 3740 1173 3798 retardatum,
1208 3741 1269 3790 ob
1301 3741 1577 3805 eandemque
1610 3744 1838 3790 rationem.
1861 3743 1960 3806 ejus
1993 3742 2161 3803 reliqua
2195 3748 2348 3788 notus
2374 3721 2908 3789 elementata-idam?

201 3839 474 3884 mutationes
514 3835 700 3883 subiisse
742 3835 994 3897 probabile,
1045 3842 1196 3882 tamen
1229 3837 1332 3899 quia
1366 3835 1421 3884 de
1456 3851 1611 3884 eorum
1645 3836 1794 3884 valore
1836 3843 2068 3899 praesente
2105 3835 2216 3882 nihil
2254 3836 2368 3881 certi
2403 3838 2601 3891 constat,
2650 3820 2909 3913 anaqi-3³*

2899 3915 2903 3972 ε

2888 3973 2903 4031 ⁷³
