2950 4276
245 163 352 216 740
1061 152 1118 204 L.
1160 149 1445 203 EULEm
1486 147 1711 202 OPERA
1749 147 2135 202 PosTHUMA.
2753 172 2950 227 mmm,

243 304 652 366 multiplicationem
694 298 1037 352 determinatur,
1090 302 1136 340 et
1175 308 1278 340 cum
1320 308 1400 355 pro
1442 292 1599 340 eodem
1649 289 1753 339 foco
1805 292 2150 350 innumerabiles
2202 293 2346 341 lentes
2397 293 2590 343 exhiberi
2639 306 2826 360 queant,
2874 318 2950 353 ea*

244 400 427 444 maxime
462 401 695 456 aperturae
730 397 799 437 est
833 405 990 451 capax,
1026 403 1139 450 quae
1176 389 1384 449 utrinque
1417 394 1486 433 est
1518 387 1762 449 aequaliter
1794 401 2002 444 convexa,
2039 386 2159 434 unde
2193 387 2282 434 hoc
2318 396 2605 451 praeceptum
2633 389 2757 438 haud
2781 391 2950 457 exigui:

246 489 456 536 momenti
500 461 745 541 derivatur,
795 490 847 530 ut
886 483 1030 529 lentes
1069 482 1272 529 oculares
1312 482 1521 543 utrinque
1572 481 1819 543 aequaliter
1859 496 2083 528 convexae
2124 477 2440 529 conficiantur.
2507 483 2627 530 Tum
2668 501 2772 533 vero
2821 465 2950 540 aliae«

242 585 435 629 rationes
469 582 677 641 exigunt,
712 584 763 624 ut
796 584 1006 639 apertura
1039 576 1188 623 nullos
1223 590 1352 622 arcus
1386 577 1448 624 30
1484 574 1696 637 gradibus
1731 574 1921 638 majores
1957 574 2336 637 comprehendat,
2376 591 2427 622 ex
2468 592 2560 639 quo
2600 581 2806 641 sequitur
2839 580 2950 631 dia-1

242 683 431 722 metrum
465 676 703 734 aperturae
737 670 956 733 cujusque
991 670 1124 720 lentis
1158 669 1352 716 ocularis
1384 670 1611 715 semissem
1646 668 1744 732 ejus
1778 667 2014 715 distantiae
2057 666 2148 716 foci
2191 684 2403 731 superare
2443 685 2533 717 non
2576 669 2755 719 debere.
2823 674 2950 727 Hine!

243 776 392 816 autem
435 768 472 814 si
511 765 688 828 objecta
743 765 788 809 in
831 765 1003 811 ratione
1045 767 1162 810 m:1
1210 761 1459 810 secundum
1501 761 1769 809 diametrum
1813 762 2189 824 multiplicentur,
2240 764 2443 825 sequitur
2484 762 2751 811 diametrum
2793 771 2950 833 campi.

827 844 845 879 1
1715 841 1812 878 1718

739 909 942 954 2(m-·-1)
985 868 1031 914 in
1064 867 1265 929 partibus
1299 865 1432 925 radii,
1467 881 1547 914 seu
1580 873 1650 913 tot
1696 909 1829 943 m÷1

240 871 489 934 apparentis
521 866 619 916 fore
654 888 717 909 =
1876 867 2150 913 minutorum
2185 867 2444 929 primorum.

384 1007 428 1049 ῐι.
497 1002 717 1058 Quamdiu
758 1008 907 1048 autem
950 1003 1082 1048 unica
1124 1001 1244 1047 lente
1295 1001 1464 1047 oculari
1514 1001 1709 1055 utimur,
1761 1015 1966 1063 campum
2015 1008 2300 1063 apparentem
2350 1001 2468 1049 ultra
2521 1001 2645 1050 hunc
2695 1005 2950 1057 terminu-²

241 1111 408 1158 augere
444 1111 533 1142 non
567 1097 687 1142 licet.
757 1094 859 1141 Jam
893 1095 1065 1157 pridem
1100 1096 1242 1155 igitur
1273 1095 1393 1142 lente
1428 1093 1598 1142 oculari
1633 1094 1858 1155 geminata
1893 1095 1959 1141 uti
1996 1101 2264 1156 coeperunt,
2307 1093 2413 1141 dum
2450 1094 2562 1142 duas
2596 1096 2739 1143 lentes
2769 1081 2950 1160 aequas-l

242 1191 327 1247 les,
362 1205 547 1252 quarum
584 1192 813 1251 utriusque
848 1187 1059 1235 distantia
1095 1186 1183 1234 foci
1221 1187 1357 1250 duplo
1391 1194 1508 1234 esset
1543 1187 1707 1250 major,
1741 1187 2014 1251 junxerunt,
2049 1187 2228 1250 hocque
2265 1187 2402 1235 modo
2435 1186 2528 1235 fere
2564 1204 2767 1251 campum
2800 1172 2950 1254 duplo!

243 1283 452 1345 majorem
495 1283 802 1329 obtinuerunt.
872 1281 1043 1338 Quodsi
1085 1282 1296 1329 distantia
1338 1283 1458 1329 iuter
1495 1281 1639 1328 lentes
1677 1296 1833 1328 revera
1875 1296 1958 1344 pro
1999 1280 2140 1329 nihilo
2178 1280 2332 1328 haberi
2374 1289 2548 1344 posset,
2597 1282 2726 1330 binae
2776 1265 2950 1343 lenteffl

243 1390 429 1438 quarum
453 1376 598 1421 utrius
627 1374 837 1421 distantia
871 1372 964 1421 foci
991 1382 1114 1421 esset
1140 1395 1204 1415 =
1224 1376 1307 1436 21»,
1332 1373 1421 1422 hoc
1449 1373 1582 1421 modo
1610 1374 1799 1437 junctae
1834 1374 1943 1421 lenti
1971 1375 2159 1436 simplici
2194 1375 2547 1437 aequivalereut,
2574 1376 2706 1440 cujus
2731 1375 2947 1428 distanthi

242 1466 334 1515 foci
378 1467 491 1514 foret
531 1485 661 1530 =p‚
704 1475 751 1514 et
793 1470 1001 1530 quoniam
1044 1467 1183 1529 duplo
1224 1469 1440 1532 maj0rem
1481 1475 1733 1530 aperturam
1768 1468 2080 1523 admitterent,
2123 1469 2258 1515 etiam
2299 1483 2504 1531 campum
2547 1468 2686 1533 duplo
2727 1469 2947 1533 majorem

244 1569 393 1608 essent
428 1562 718 1608 exhibiturae.
788 1562 931 1609 Simili
974 1561 1110 1609 modo
1154 1564 1286 1617 etiam
1326 1569 1418 1608 tres
1462 1562 1606 1609 lentes
1641 1562 1871 1624 aequales,
1915 1561 2126 1609 distantia
2164 1560 2300 1608 focali
2338 1563 2692 1626 uniuscujusque
2726 1558 2950 1634 existenhl

245 1659 413 1718 =3p‚
449 1656 529 1702 sibi
566 1655 821 1702 immediate
847 1657 1034 1719 junctae
1070 1657 1171 1703 loco
1207 1657 1439 1720 simplicis,
1485 1656 1615 1719 cujus
1649 1655 1863 1703 distantia
1900 1654 2060 1704 focalis
2094 1663 2163 1702 est
2190 1672 2246 1718 p,
2290 1657 2500 1703 substitui
2545 1665 2746 1719 possent,
2788 1659 2950 1737 sicqufl

246 1764 448 1811 campum
491 1747 627 1810 triplo
670 1749 876 1794 latiorem
917 1747 1216 1809 largirentur,
1257 1747 1475 1810 siquidem
1518 1747 1722 1810 singulae
1763 1749 1973 1810 utrinque
2024 1743 2360 1795 conficerentur
2407 1748 2652 1810 aequaliter
2702 1760 2950 1836 convexam*

166 1894 170 1900 J
248 1843 430 1905 Hocque
466 1841 602 1903 modo
637 1842 825 1889 ulterius
858 1840 1193 1904 progrediendo
1228 1856 1458 1905 campum,
1493 1856 1728 1904 quousque
1764 1841 1970 1900 libuerit,
2005 1838 2278 1904 amplificare
2313 1842 2484 1889 liceret.
2871 1858 2933 1908 w

390 1967 431 2011 5.
500 1962 669 2011 Verum
707 1964 945 2026 plurimum
980 1964 1130 2019 abest,
1167 1967 1407 2027 quominus
1441 1964 1651 2042 distantia
1685 1964 1888 2011 binarum
1922 1964 2111 2011 lentium
2147 1979 2228 2027 pro
2261 1964 2403 2011 nihilo
2424 1964 2599 2014 haberi
2635 1972 2790 2029 queat,
2831 1867 2950 2040 ωε

248 2059 365 2104 enim
400 2057 483 2105 hae
520 2059 664 2106 lentes
690 2065 946 2120 aperturam
974 2058 1212 2105 admittere
1247 2058 1434 2116 debent,
1470 2059 1601 2122 cujus
1627 2058 1848 2105 diameter
1874 2059 2043 2105 semissi
2079 2057 2316 2106 distantiae
2341 2055 2502 2107 focalis
2535 2067 2763 2123 aequetur,
2788 2013 2950 2126 cariffi

249 2153 495 2199 crassitiem
546 2160 715 2214 partem
758 2152 973 2198 decimam
1017 2159 1185 2199 sextam
1228 2151 1466 2199 distantiae
1508 2150 1664 2200 focalis
1707 2167 1918 2215 superare
1959 2167 2142 2199 necesse
2184 2159 2276 2207 est3
2327 2168 2419 2216 quo
2463 2149 2518 2200 fit
2567 2161 2641 2212 ut,
2693 2168 2797 2201 cum
2833 2140 2944 2224 VC&

246 2245 451 2293 binarum
485 2247 671 2293 lentium
707 2245 920 2293 distantia
960 2263 1011 2294 ex
1052 2249 1286 2295 intervallo
1321 2263 1472 2296 earum
1515 2249 1640 2311 quasi
1676 2255 1934 2295 centrorum
1975 2250 2020 2295 in
2064 2247 2210 2295 medie
2250 2249 2451 2296 crassitie
2491 2249 2678 2296 sitorum
2717 2221 2943 2301 aestilfflu?

247 2340 428 2398 debeat,
468 2355 694 2403 nunquam
736 2357 787 2387 ea
828 2347 1037 2403 tanquam
1081 2342 1203 2400 nulla
1245 2344 1439 2404 spectari
1472 2344 1628 2405 possit.
1698 2339 1854 2405 Neque
1897 2357 2009 2404 ergo
2050 2341 2180 2388 binae
2222 2342 2366 2389 lentes
2402 2343 2592 2405 junctae
2632 2357 2712 2405 pro
2752 2314 2940 2405 simpl&

247 2433 426 2491 haberi,
476 2450 621 2496 neque
667 2441 819 2482 exacte
862 2434 998 2498 duplo
1051 2435 1260 2499 majorem
1302 2450 1511 2499 campum
1550 2437 1775 2498 aperient,
1815 2451 1869 2483 ac
1912 2436 2056 2484 multo
2097 2437 2245 2483 minus
2285 2435 2397 2483 haec
2438 2428 2583 2499 campi
2630 2424 2941 2499 multiplicffl‘

249 2527 464 2573 succedet
503 2528 704 2589 pluribus
737 2528 932 2577 lentibus
967 2531 1088 2577 inter
1122 2546 1169 2576 se
1205 2529 1559 2594 conjungendis,
1601 2545 1705 2577 cum
1746 2545 1897 2577 earum
1940 2531 2168 2577 crassities
2209 2531 2402 2593 spatium
2444 2532 2552 2578 satis
2588 2530 2787 2578 notabile
2816 2502 2941 2602 a&

251 2621 547 2681 completura.
618 2621 799 2669 Interim
837 2631 987 2670 tamen
1036 2626 1190 2687 negari
1240 2627 1420 2687 nequit,
1471 2625 1557 2671 hac
1608 2627 1782 2672 ratione
1835 2624 2011 2672 duabus
2060 2622 2323 2687 pluribusve
2370 2624 2565 2672 lentibus
2613 2598 2940 2701 conjungenffl¹

252 2729 457 2776 campum
506 2713 787 2779 amplificari,
843 2734 996 2765 verum
1039 2720 1216 2766 lucrum
1260 2718 1580 2781 propemodum
1622 2719 1899 2767 obscuritate
1940 2727 1985 2766 et
2039 2715 2303 2765 confusione
2353 2734 2405 2765 ex
2445 2726 2515 2765 tot
2566 2718 2760 2766 lentibus
2808 2712 2861 2765 e*

251 2809 410 2855 iterum
447 2809 639 2858 deletur.
708 2812 927 2874 Imprimis
962 2800 1110 2860 autem
1142 2814 1222 2860 tali
1260 2814 1444 2860 lentium
1480 2812 1848 2875 multiplicatione
1874 2813 2052 2861 colores
2085 2811 2211 2860 iridis
2234 2814 2392 2860 visioni
2425 2827 2474 2859 se
2507 2812 2754 2860 admiscere
2779 2803 2937 2882 solenti

252 2903 371 2963 quod
406 2905 741 2953 incommodum
760 2906 1018 2954 >distinctae
1051 2910 1445 2970 repraesentationi
1480 2909 1664 2954 maxime
1690 2915 1847 2963 nocet3
1882 2907 2082 2971 haecque
2106 2909 2202 2954 sine
2229 2906 2368 2955 dubio
2396 2922 2500 2956 vera
2534 2914 2605 2955 est
2629 2922 2784 2962 causa,

252 2994 339 3042 hoc
371 2994 613 3045 artificium
646 3015 854 3062 campum
888 3001 1080 3063 augendi
1118 3004 1191 3048 vix
1227 3001 1286 3049 ad
1320 3017 1451 3049 usum
1483 3001 1762 3049 adhibeatur.

392 3121 437 3166 6.
508 3120 590 3168 Hic
625 3123 768 3183 igitur
801 3108 1035 3171 ostendere
1072 3127 1307 3182 constitui,
1351 3123 1578 3188 quomodo
1621 3125 1991 3188 multiplicatione
2034 3125 2222 3172 lentium
2267 3125 2509 3172 ocularium
2544 3139 2728 3187 campus
2761 3118 2859 3172 visi'

254 3226 347 3258 non
380 3214 524 3260 solum
557 3213 841 3278 amplificari,
878 3219 956 3266 sed
991 3221 1123 3266 etiam
1156 3222 1512 3282 repraesentatio
1545 3235 1570 3267 a
1605 3219 1834 3267 coloribus
1868 3220 1955 3267 illis
1987 3221 2112 3282 vagis
2146 3220 2320 3267 liberari
2357 3227 2505 3282 queat.
2566 3217 2638 3265 Ad
2672 3217 2761 3266 hoc
2791 3194 2950 3270 affl„

252 3304 394 3352 lentes
438 3323 527 3354 non
567 3310 821 3358 immediate
861 3314 980 3359 inter
1020 3328 1067 3359 se
1101 3314 1234 3376 jungi
1278 3315 1509 3369 convenit;
1551 3315 1820 3376 experientIa
1855 3315 1974 3360 euim
2000 3313 2095 3377 jam
2130 3321 2310 3361 constat
2342 3313 2464 3360 tubis
2495 3310 2855 3369 astronomicis,
2907 3300 2921 3380 Τ

256 3398 429 3448 duabus
465 3409 642 3450 tantum
684 3405 877 3453 lentibus
918 3414 1149 3462 constant,
1198 3409 1362 3469 insigni
1402 3422 1506 3455 cum
1544 3407 1740 3454 utilitate
1779 3409 1960 3454 tertiam
2003 3407 2170 3454 lentem
2210 3407 2331 3454 ultra
2369 3403 2524 3454 focum
2563 3406 2757 3454 ocularis
2804 3381 2932 3480 ἰώ

254 3508 406 3555 posse,
447 3511 534 3557 qua
575 3513 666 3545 non
704 3499 849 3546 solum
892 3516 1075 3562 campus
1115 3500 1395 3563 duplicetur,
1439 3482 1519 3547 sed
1562 3503 1697 3547 etiam
1738 3501 1915 3548 colores
1948 3501 2013 3548 illi
2049 3503 2151 3564 vagi
2192 3503 2370 3574 penitus
2404 3499 2653 3548 deleantur.
2720 3471 2931 3562 lmprfflifi

256 3594 405 3633 autem
440 3590 485 3634 in
521 3588 835 3638 dissertatione
871 3606 965 3639 mea
1001 3592 1055 3638 de
1083 3595 1480 3639 instrumentorum
1507 3592 1836 3656 dioptricorum
1861 3579 2139 3656 perfectione
2163 3591 2270 3640 Vol.
2294 3591 2401 3640 Xlll
2428 3592 2647 3640 Actorum
2670 3570 2922 3640 Acadenffl‘

191 3658 200 3663 .
256 3679 421 3741 Regiae
471 3683 636 3730 inserta
679 3682 896 3732 formulas
935 3686 1112 3732 exhibui
1165 3686 1396 3748 generales
1437 3693 1531 3732 tam
1573 3701 1653 3749 pro
1695 3701 1853 3749 campo
1891 3682 2232 3748 amplificando,
2281 3701 2414 3748 quam
2452 3700 2534 3747 pro
2576 3685 2803 3733 coloribus
2849 3680 2950 3756 iuis&

257 3772 553 3823 destruendis.
620 3778 730 3825 Inde
771 3795 882 3842 ergo
920 3780 1135 3827 subsidia
1158 3781 1404 3827 necessaria
1445 3778 1725 3842 depromam,
1777 3779 1907 3828 unde'
1936 3794 2175 3827 numerum
2211 3780 2397 3827 lentium
2437 3779 2685 3826 ocularium
2735 3765 2935 3839 augqnln'

258 3880 438 3929 campus
471 3884 649 3934 quoque
684 3874 778 3920 sine
811 3873 906 3922 ullo
940 3873 1221 3922 incommodo
1254 3872 1455 3937 ampliari
1489 3875 1644 3937 possit.
1715 3873 1899 3937 Semper
1936 3873 2110 3922 scilicet
2142 3871 2362 3936 ejusmodi
2401 3872 2531 3920 binas
2561 3871 2706 3919 lentes
2737 3885 2824 3918 ocu
2910 3863 2932 3955 '¹1
