2950 4276
266 206 370 260 362
1066 195 1122 245 L.
1145 189 1451 245 EULERI
1488 189 1711 243 OPERA
1752 188 2136 243 POSTHUMA.
2639 213 2646 218 -
2685 191 2931 242 Aaronom.

259 347 512 412 hujusmodi
548 346 696 407 plures
734 346 994 393 occurrant,
1029 333 1247 399 ejusmodi
1283 333 1396 380 duae
1418 332 1695 395 eligantur,¹
1723 345 1839 394 quae
1880 329 1976 378 sere
2016 331 2246 394 aequalem
2286 334 2596 393 aequationem
2637 333 2692 379 ab
2725 339 2930 390 anomalia

260 440 401 487 media
437 439 544 485 solis
580 434 846 498 pendentem
880 430 1083 485 habeant.
1125 444 1128 447 ’

384 571 412 637 §
448 574 524 617 23.
577 570 793 624 Quoniam
830 581 937 612 vero
981 567 1025 611 in
1069 565 1137 610 his
1178 564 1567 621 observationibus
1607 570 1778 614 temere
1822 569 2145 620 assumeretur,
2186 563 2324 624 ipsam
2366 563 2670 625 aequationem
2710 566 2931 644 ¹¹¹³le

255 667 310 712 ab
345 665 559 711 anomalia
599 663 727 708 lunae
765 661 1043 721 pendentem‘
1066 661 1325 715 convenire,
1381 660 1426 704 in
1461 659 1584 705 hunc
1619 654 1755 717 finem
1788 657 2029 704 anomalias
2069 671 2247 718 quoque
2282 656 2412 703 lunae
2450 656 2614 702 medias
2650 661 2790 704 notari
2825 675 2931 709 con-

255 761 396 812 venit3
436 774 535 804 cum
573 759 687 801 enim
725 771 800 801 eae
838 757 903 800 vix
938 769 1076 804 unum
1111 752 1299 815 gradum
1336 767 1361 798 a
1396 767 1504 799 vero
1538 767 1688 798 errare
1722 758 1909 813 queant,
1945 767 1996 796 ex
2021 751 2088 796 his
2114 749 2242 796 facile
2270 751 2458 812 patebit,
2495 758 2709 811 quantum
2735 757 2930 815 aequatio

252 853 338 897 illis
375 850 761 898 observationibus
803 850 1073 894 conveniens
1117 863 1139 893 a
1183 848 1367 892 maxima
1409 839 1640 892 differam¹
1674 846 1766 891 Etsi
1817 847 1936 890 enim
1985 847 2192 906 aequatio
2245 847 2429 890 maxima
2482 846 2575 906 ipsa
2626 844 2822 893 nondum
2868 852 2930 901 est

250 946 453 1005 cognita,
489 948 636 989 tamen
659 914 946 989 differentiae
981 943 1097 987 inter
1131 942 1420 1002 aequationes
1454 941 1663 985 maximae
1699 941 1918 1001 proximas
1951 938 2133 984 eaedem
2167 946 2323 992 erunt;
2365 954 2478 1000 quae
2522 940 2566 984 in
2608 939 2772 986 tabulis
2813 939 2930 989 exhi·

250 1041 426 1086 bentur.
494 1039 558 1084 lta
594 1041 627 1084 si
664 1054 742 1100 pro
776 1037 917 1083 altera
952 1037 1473 1097 observationereperta
1507 1032 1647 1081 fuerit
1688 1035 1904 1091 anomalia
1947 1034 2077 1081 lunae
2121 1033 2527 1090 media=3⁵10⁰,
2581 1036 2786 1096 aequatio
2825 1048 2928 1085 con-

250 1137 430 1180 veniens
466 1135 610 1179 minor
644 1134 727 1178 erit
759 1146 890 1193 quam
923 1133 1106 1175 maxima
1152 1122 1312 1176 1‘38''.
1381 1129 1464 1174 Hic
1499 1143 1611 1189 ergo
1646 1125 1853 1175 desectus
1885 1127 1940 1174 ad
1970 1127 2203 1190 utramque
2232 1124 2527 1175 differentiam
2555 1127 2768 1187 addatur,
2801 1137 2928 1195 atque

249 1235 344 1272 tum
381 1211 535 1272 earum
572 1240 742 1272 summa
778 1225 1044 1286 aequabitur
1077 1224 1327 1285 aequationi
1362 1224 1576 1268 maximae
1610 1222 1678 1268 bis
1712 1228 1908 1278 sumtae,
1952 1221 2126 1283 hocque
2164 1229 2299 1284 pacto
2336 1225 2541 1284 aequatio
2585 1224 2767 1270 maxima
2800 1237 2929 1273 accu-

247 1322 387 1367 ratius
421 1322 684 1367 innotescet.

378 1455 405 1522 §
440 1461 516 1503 21».
568 1458 681 1503 Hinc
724 1459 862 1517 igitur
904 1471 983 1517 pro
1023 1462 1213 1517 utraque
1254 1453 1566 1501 observatione
1608 1451 1737 1500 facile
1778 1453 2021 1516 colligetur
2055 1456 2262 1516 aequatio
2304 1456 2599 1512 conveniens,
2651 1457 2802 1517 sicque
2834 1456 2925 1506 loca

248 1553 376 1598 lunae
418 1551 633 1598 hactenus
676 1566 754 1613 per
796 1551 934 1596 solam
974 1551 1285 1611 aequationem
1329 1549 1518 1596 solarem
1563 1553 1763 1594 correcta
1808 1547 2035 1594 emendari
2077 1555 2306 1610 poterunt.
2375 1547 2607 1595 Praeterea
2647 1555 2794 1596 autem
2841 1551 2926 1615 ipssna

248 1644 397 1691 tabula
434 1648 743 1707 aequationum
781 1646 999 1691 lunarium
1033 1659 1084 1689 ex
1119 1645 1300 1705 cognita
1342 1643 1607 1704 aequatione
1648 1643 1835 1688 maxima
1874 1639 2006 1688 facile
2046 1644 2314 1703 corrigetur.
2383 1641 2574 1699 Deinde,
2619 1650 2671 1689 ut
2703 1643 2796 1706 jam
2833 1650 2927 1694 ante

249 1741 544 1795 meminimus,
580 1746 852 1801 quaerantur
886 1737 1104 1801 ejusmodi
1141 1737 1500 1794 observationes,
1537 1735 1700 1798 quibus
1736 1732 1990 1782 differentia
2025 1738 2201 1782 minima
2236 1736 2498 1799 respondet,
2535 1745 2582 1783 et
2607 1753 2719 1799 quae
2745 1739 2926 1802 proxime

247 1833 476 1893 aequalem
512 1833 705 1879 habeant
739 1835 1051 1894 aequationem
1086 1831 1274 1877 solarem
1309 1833 1384 1887 iis,
1419 1846 1533 1892 quae
1568 1831 1684 1878 binis
1719 1830 1943 1892 prioribus
1970 1830 2354 1877 observationibus
2381 1832 2714 1893 competebant,
2748 1832 2950 1896 locoque,

249 1926 379 1971 lunae
413 1934 515 1972 ante
551 1934 810 1989 computato
846 1941 924 1988 per
958 1928 1284 1972 correctionem
1316 1923 1453 1971 modo
1489 1931 1780 1970 memoratam
1814 1931 2046 1981 correcto,
2084 1926 2175 1986 ipsa
2212 1923 2466 1971 differentia
2506 1941 2528 1970 a
2566 1925 2668 1972 loco
2702 1925 2950 1982 observabi

248 2022 555 2081 aequationem
591 2023 929 2067 convenientem
965 2019 1199 2075 indicabit,
1235 2018 1356 2065 unde
1392 2018 1527 2066 simul
1561 2018 1782 2066 anomalia
1819 2016 1965 2064 media
2000 2018 2109 2064 huic
2143 2018 2245 2065 loco
2281 2018 2429 2065 debita
2465 2027 2789 2081 cognoscetur:
2820 2019 2950 2078 lud-'l

246 2129 333 2175 que
384 2122 515 2175 pacto
562 2122 653 2160 tam
704 2115 854 2160 tabula
906 2113 1226 2160 anomaliarum
1277 2112 1544 2170 mediarum,
1595 2127 1731 2174 quam
1775 2113 2091 2173 aequationum
2141 2114 2248 2175 ipsis
2298 2113 2663 2174 respondentium
2702 2104 2950 2204 condetq.l

246 2207 444 2271 Denique
479 2209 566 2256 hoc
601 2212 787 2271 negotio
823 2207 1047 2270 expedito,
1084 2209 1293 2270 aequatio
1327 2208 1513 2254 maxima
1547 2207 1603 2253 ab
1637 2207 1858 2254 anomalia
1891 2206 2036 2253 media
2078 2208 2185 2254 solis
2227 2207 2428 2269 pendens
2468 2211 2764 2271 investigetur
2942 2210 2950 2279 i

2863 2342 2895 2380 κ
2941 2282 2950 2370 ἓ

378 2436 405 2503 §
439 2441 518 2486 25.
570 2439 741 2496 Quodsi
777 2441 1079 2493 correctiones
1114 2439 1203 2486 hoc
1238 2437 1376 2486 modo
1409 2426 1612 2486 inventae
1646 2439 1752 2485 satis
1784 2434 1955 2484 fuerint
1981 2438 2225 2496 notabiles,
2260 2454 2338 2485 eae
2366 2438 2565 2487 nondum
2584 2441 2734 2504 justae
2759 2399 2950 2514 cendit}

244 2310 346 2348 ante
380 2305 600 2364 exposito,
637 2311 771 2365 atque
807 2302 863 2349 ad
899 2304 1226 2349 correctionem
1262 2301 1514 2350 tabularum
1549 2308 1756 2355 motuum
1792 2299 2042 2349 mediorum
2077 2301 2206 2348 lunae
2241 2302 2347 2348 hinc
2380 2299 2513 2349 facile
2547 2305 2850 2365 pervenietur:

247 2541 469 2593 poterunt.
539 2531 628 2580 Sed
663 2533 830 2580 tabulis
864 2533 951 2580 hoc
987 2533 1123 2580 modo
1158 2535 1393 2590 correctis,
1428 2535 1670 2580 conveniet
1703 2548 1858 2580 omnes
1894 2532 2115 2580 hactenus
2149 2535 2368 2595 expositas
2410 2530 2687 2596 operationes
2726 2534 2782 2582 de
2814 2516 2946 2598 nffiol

248 2634 466 2686 repetere,
503 2629 578 2689 qui
613 2627 739 2673 labor
765 2627 861 2689 jam
895 2629 980 2673 erit
1016 2624 1274 2688 perfacilis,
1295 2629 1448 2688 sicque
1482 2626 1570 2673 hac
1602 2625 1802 2674 secunda
1837 2629 2123 2674 correctione
2165 2626 2364 2674 adhibita
2405 2626 2590 2674 dubium
2633 2631 2719 2675 erit
2749 2608 2944 2707 nullqffl

247 2722 352 2781 quin
389 2728 486 2767 tum
521 2721 698 2767 tabulae
736 2721 993 2782 proditurae
1028 2723 1118 2767 sint
1150 2722 1533 2779 accuratissimae,
1571 2720 1817 2769 dummodo
1854 2723 1898 2767 in
1933 2721 2320 2768 observationibus
2353 2722 2503 2769 nullus
2529 2738 2656 2770 error
2678 2701 2950 2789 reperiaQJ.

249 2813 344 2860 Hoc
388 2830 495 2861 vero
535 2816 710 2862 calculo
751 2814 808 2861 ad
849 2811 985 2861 finem
1026 2814 1245 2877 perducto
1287 2813 1466 2861 demum
1511 2816 1721 2877 aequatio
1763 2815 1836 2862 illa
1879 2815 2010 2862 nobis
2049 2817 2308 2863 etiamnunc
2351 2818 2581 2878 incognita
2619 2775 2940 2892 investigetfissl

249 2923 625 2970 supervacaneum
667 2910 784 2955 enim
827 2906 947 2955 foret
991 2909 1077 2955 hoc
1118 2910 1351 2970 negotium
1401 2910 1632 2971 suscipere
1672 2916 1914 2972 antequam
1956 2910 2093 2956 altera
2135 2912 2378 2968 correctio,
2430 2911 2648 2976 siquidem
2687 2894 2950 2974 necemlfi

250 3000 473 3058 videatur,
510 2999 650 3048 fuerit
690 3010 885 3064 peracta.
957 3002 1106 3064 Atque
1147 3001 1218 3047 his
1259 3001 1474 3063 expeditis
1517 3002 1721 3064 singulae
1764 3002 2019 3051 tabularum
2059 3017 2260 3050 mearum
2301 3011 2452 3065 partes
2491 3020 2581 3050 non
2620 3005 2763 3052 solum
2801 2975 2950 3059 fadlel

249 3097 553 3158 corrigentur,
588 3095 666 3143 sed
703 3099 834 3143 etiam
869 3097 942 3143 illa
979 3097 1155 3155 tabula,
1190 3111 1302 3159 quae
1337 3096 1488 3143 adhuc
1523 3095 1669 3154 deest,
1705 3096 1792 3143 levi
1821 3112 1955 3159 opera
1983 3096 2242 3161 adjicietur,
2276 3105 2329 3144 ut
2354 3097 2465 3145 nihil
2492 3098 2681 3161 amplius
2706 3070 2950 3163 praetaefml

250 3187 493 3236 desiderari
528 3197 674 3252 queat.
714 3239 721 3243 .
2828 3252 2880 3310 a,
2922 3221 2929 3264 j

349 3279 352 3283 .
2640 3286 2645 3290 ·
2719 3301 2721 3303 .
2804 3276 2824 3303 ⁴)
2887 3277 2903 3303 t·

383 3323 409 3389 S
443 3327 522 3374 26.
575 3326 762 3387 Maxima
795 3323 1043 3380 difficultas.
1072 3328 1123 3382 in
1154 3327 1243 3375 hoc
1277 3329 1568 3383 correctionis
1598 3330 1781 3391 negotio
1808 3330 1854 3387 in
1880 3328 2100 3376 electione
2126 3328 2329 3383 binarum
2357 3329 2532 3378 illarum
2557 3329 2837 3413 observatiop
2932 3340 2950 3371 '-

251 3437 362 3484 quae
400 3422 471 3469 vel
506 3421 661 3469 eadem
699 3424 803 3468 anni
842 3429 1129 3486 tempestate,
1178 3422 1247 3473 vel
1288 3439 1392 3479 cum
1431 3425 1639 3495 aequatio
1681 3424 1838 3472 solaris
1887 3421 2026 3476 fiuerit
2064 3421 2159 3471 fere
2197 3423 2381 3481 eadem,
2430 3427 2518 3473 erit
2552 3427 2733 3489 posita..
2772 3421 2950 3508 &Qus

250 3518 368 3563 enim
401 3523 472 3564 est
507 3516 733 3579 probabile
767 3516 894 3569 huuc
924 3530 1076 3564 casum
1113 3518 1158 3563 in
1191 3525 1394 3580 tempore
1428 3520 1563 3565 unius
1595 3518 1669 3565 vel
1702 3517 1992 3581 sesquiseculi
2025 3520 2089 3566 ita
2122 3517 2359 3567 commode
2395 3534 2483 3566 usu
2513 3521 2688 3577 venire,
2720 3521 2940 3596 uam-fl

253 3619 381 3673 cepta
414 3618 517 3659 ante
551 3610 718 3658 tradita
751 3612 846 3658 sin‘e
880 3611 975 3663 ullo
1008 3611 1331 3673 impedimento
1365 3595 1488 3676 sequi
1525 3613 1765 3675 possimus,
1833 3611 1882 3661 Si
1913 3614 2053 3675 igitur
2078 3612 2186 3662 huic
2212 3612 2463 3661 conditioni
2488 3609 2694 3663 satisfieri
2726 3602 2950 3700 nemh'i?

255 3712 346 3751 tum
388 3707 529 3767 primo
570 3692 750 3768 quidem
799 3706 949 3755 tabula
989 3708 1305 3769 aequationum
1355 3707 1412 3754 ab
1449 3705 1671 3760 anomalia
1709 3705 1857 3753 media
1907 3707 2016 3758 solis
2054 3706 2350 3770 pendentium
2400 3722 2484 3771 pro
2526 3714 2657 3762 certa.
2697 3705 2950 3794 habffln

255 3805 383 3860 atque
425 3814 474 3845 ex
517 3801 715 3847 maximis
755 3795 1049 3867 differentiis„
1097 3802 1143 3847 in
1184 3791 1478 3865 quaecunque
1518 3803 1652 3848 etiam
1690 3807 1894 3870 tempora
1932 3800 2154 3860 incidant,
2202 3808 2296 3848 tam
2337 3803 2527 3850 maxima
2564 3794 2950 3869 aequatio·capilii*¹

257 3894 475 3940 correctio
517 3902 665 3942 motus
704 3893 839 3942 medii
887 3896 1198 3960 investigetur.
1266 3894 1437 3944 Deinde
1489 3894 1834 3960 considerentur
1881 3896 2238 3954 ohservationeS,
2288 3895 2453 3961 quibus
2501 3897 2682 3948 minima
2726 3889 2915 3968 namq
2939 3915 2950 3919 *-
