2950 4276
1339 985 1517 1100 vm.

77 1282 480 1348 Reoensio
526 1281 986 1344 litterarum
1024 1296 1079 1343 a
1116 1281 1235 1344 cl.
1264 1282 1366 1343 Ι).
1394 1282 1879 1344 Bernoullio
1906 1282 2241 1344 Basilea
2279 1281 2409 1343 die
2446 1279 2568 1345 26
2598 1282 2780 1343 (Det.

253 1397 467 1476 1235
502 1398 610 1462 ad
644 1414 776 1462 me
812 1397 1222 1474 datarum,
1259 1413 1427 1460 una
1465 1414 1652 1461 cum
1689 1398 2357 1461 annotationibus
2395 1397 2614 1459 meiS.

383 1914 397 1937 ⁵
467 1907 636 1971 Otffli'e’s‘
652 1923 752 1970 satie
787 1918 1049 1978 Gebtn'etr‘ae‘,
1092 1923 1214 1971 sic'ut'
1235 1930 1330 1979 nos,
1351 1936 1353 1940 '
1375 1922 1524 1971 ei'ea'
1546 1909 1782 1972 re‘luctum
1816 1917 2061 1985 percepere,
2109 1929 2219 1985 quod
2254 1919 2482 1984 gravissimi
2511 1918 2778 1981 epistolarum

353 2005 609 2065 commercii,
655 2012 765 2068 quas
798 2025 888 2069 per
915 2013 1098 2070 triginta*
1121 2004 1249 2056 atilios
1284 2011 1533 2058 Euier'um'
1557 2021 1598 2058 et
1632 2014 1891 2059 Danielem
1926 1997 2275 2060 Bernoullium
2311 2015 2389 2057 sihi
2423 2003 2588 2056 mutuas
2615 2010 2775 2054 misisse

352 2106 528 2151 constat,
573 2095 763 2142 nonnisi
790 2111 888 2154 pars
916 2100 1047 2143 altera
1075 2114 1099 2142 a
1120 2101 1248 2142 'nohis
1276 2101 1343 2143 edi
1371 2102 1528 2156 potuit,
1554 2088 1721 2145 *frustra*
1747 2103 1896 2153 enixis,
1926 2107 1974 2146 ut
2001 2072 2131 2158 ipsius
2162 2101 2337 2144 Euleri
2367 2099 2562 2155 epistolas
2590 2098 2642 2140 ad
2671 2097 2779 2140 cele-

357 2185 581 2228 berrimum
609 2185 728 2226 urbis
756 2184 939 2226 Basileae
967 2185 1303 2228 Matheniaticum
1330 2186 1477 2230 missas
1505 2187 1804 2243 detegeremus.
1861 2188 2108 2230 Persuasum
2137 2200 2235 2230 vero
2264 2186 2384 2228 nobis
2412 2190 2490 2236 est,
2527 2185 2701 2227 lectores
2731 2195 2780 2225 eo

352 2271 500 2314 laetius
534 2270 988 2312 commentatiunculam
1019 2270 1280 2313 Eulerianam
1308 2277 1549 2330 accepturos
1577 2287 1690 2324 esse,
1737 2274 1788 2316 de
1815 2286 1862 2315 re
1891 2275 2058 2328 saepius
2086 2274 2280 2328 utrinque
2310 2275 2559 2321 examinata,
2602 2271 2628 2313 i.
2659 2283 2695 2312 e.
2727 2269 2779 2312 de

350 2357 592 2400 laminarum
621 2356 879 2398 elasticarum
909 2356 1231 2399 oscillationibus
1262 2362 1524 2410 tractantem,
1555 2359 1672 2415 cujus
1694 2359 1966 2402 elaborandae
1982 2360 2162 2417 ¹epistola
2183 2359 2488 2414 Bernoulliana,
2521 2357 2587 2398 die
2608 2357 2665 2399 26
2685 2355 2775 2398 Oct.

349 2445 397 2486 A.
432 2445 540 2486 1735
569 2443 739 2497 scripta,
781 2442 965 2484 Eulero
1003 2443 1259 2485 occasionem
1295 2445 1557 2498 praebuerat.
1618 2446 1925 2495 Meditationes‚
1971 2459 2074 2501 quas
2106 2445 2390 2488 commentatio
2422 2443 2608 2494 exhibet,
2651 2442 2775 2484 etiam

349 2529 538 2583 responsi
564 2528 773 2570 Euleriani
802 2528 1014 2570 materiem
1043 2528 1189 2579 fuisse,
1221 2529 1468 2584 conjicimus.
1500 2531 1579 2573 Sed
1610 2532 1917 2580 commentatio,
1950 2545 2073 2586 quam
2105 2532 2271 2582 damus,
2301 2535 2346 2572 ut
2372 2530 2546 2571 lectores
2567 2528 2776 2576 videbunt,

350 2627 430 2657 non
459 2621 524 2657 est
548 2614 737 2668 epistola,
765 2612 839 2656 sed
868 2614 1175 2669 inscriptionem
1204 2616 1325 2658 offert
1352 2617 1484 2671 ipsius
1512 2617 1686 2659 Euleri
1716 2630 1839 2659 manu
1868 2618 2117 2672 appositam,
2149 2617 2312 2672 qualem
2337 2616 2561 2658 citavimus.
2596 2613 2777 2668 Epistola

349 2700 635 2754 Bernoulliana
676 2700 719 2741 in
759 2684 1011 2743 collectionis
1044 2705 1209 2743 nostrae
1248 2702 1603 2757 (Correspondanoe)
1640 2703 1733 2745 Vol.
1761 2704 1800 2744 ΙΙ
1829 2718 1898 2758 pp.
1932 2703 2013 2745 1027
2051 2703 2103 2745 ad
2133 2690 2218 2746 43'0
2253 2703 2360 2759 typis
2389 2715 2582 2756 expressa
2613 2700 2776 2755 legitur,

334 2787 465 2842 ‘cujus
500 2799 601 2829 vero
634 2799 706 2829 eas
734 2792 893 2840 partes,
937 2799 1040 2842 quas
1068 2787 1265 2829 Recensio
1292 2788 1513 2831 Euleriana
1542 2795 1722 2844 spectat,
1767 2789 1846 2831 hoc
1881 2789 1971 2831 loco
2002 2789 2152 2831 iterum
2183 2789 2293 2844 typis
2328 2788 2558 2830 describere
2588 2768 2778 2827 idoneum

350 2873 544 2914 duximus
555 2874 602 2912 ἑ

410 2981 457 2990 -
491 2981 539 2990 -
571 2957 662 3000 «Ich
691 2958 869 3001 schreit'e
897 2971 982 3000 nun
1011 2973 1063 3001 zu
1093 2959 1173 3003 den
1202 2960 1508 3003 Mathematicis.
1556 2962 1645 3003 Ew.
1677 2961 2007 3003 Observationen
2036 2962 2081 3002 de
2108 2963 2384 3003 vibrationibus
2413 2962 2576 3002 laminae
2606 2961 2776 3000 clasticae

346 3045 561 3102 «kommen
590 3043 665 3086 mit
691 3044 855 3095 ¹meinen
882 3045 1066 3088 iiberein.
1124 3047 1207 3088 Das
1235 3047 1498 3098 Notabelste,
1541 3061 1589 3089 so
1621 3046 1741 3089 dabei
1771 3047 2099 3097 auszurechnen,
2144 3048 2199 3089 ist
2229 3042 2362 3091 dieses
2377 3066 2389 3100 :-
2416 3045 2630 3103 (Fig.151)
2675 3047 2775 3087 Data
2854 3048 2857 3049 ⁷

348 3132 600 3186 -lonqitudine
626 3132 789 3172 laminae
818 3133 994 3173 clasticae
1021 3132 1091 3174 AD
1119 3135 1178 3175 vel
1206 3133 1308 3183 AB,x
1337 3135 1424 3174 dato
1453 3133 1535 3186 ejus
1557 3134 1743 3190 pondera,
1775 3119 1935 3188 dataque
1966 3136 2143 3175 distantia
2170 3135 2237 3174 DB
2266 3134 2426 3188 appenso
2449 3135 2614 3188 ponderi
2641 3135 2773 3181 debita,

346 3217 481 3269 «cujus
516 3229 582 3270 ope
617 3217 813 3258 elaaticitas
849 3219 1026 3268 habetur,
1074 3206 1242 3260 invenit-o
1278 3197 1485 3261 numeram¹
1516 3206 1743 3262 absolutam
1763 3220 2018 3262 vibrationam
2051 3205 2125 3275 pro
2161 3222 2244 3261 dato
2274 3228 2444 3275 tempore.
2503 3220 2573 3261 Ich
2603 3225 2776 3263 erwarte

347 3303 459 3345 «Bw.
489 3303 855 3346 mathematischen
883 3304 999 3347 Brief
1021 3305 1098 3348 mit
1129 3312 1321 3360 grossem‘
1345 3306 1591 3361 Verla'ng'en.
1610 3314 1629 3321 ’·
1650 3307 1877 3350 Occasione
1907 3307 1980 3349 des
2008 3307 2087 3348 Hn.
2119 3306 2288 3362 Konig's'
2317 3307 2638 3362 problematum,
2667 3306 2773 3348 habe

347 3387 433 3432 «ich
469 3387 535 3431 die
570 3389 682 3445 leges
712 3391 904 3433 motuum*
928 3403 951 3432 a
982 3392 1268 3446 percussione,
1310 3392 1475 3448 quando
1498 3391 1687 3436 'directio
1702 3393 1906 3449 impulsus
1937 3407 2019 3445 non
2047 3406 2123 3448 per
2160 3398 2345 3436 centrum
2368 3393 2584 3449 gravitatis
2614 3392 2770 3440 transit,

346 3475 896 3531 «generalissime‘solviret.
953 3472 1064 3520 Mein
1095 3478 1223 3521 Vater
1261 3479 1315 3521 ist
1357 3480 1463 3522 iiber
1507 3480 1648 3523 diesen
1683 3481 1820 3523 Punkt
1855 3480 1968 3522 nicht
2004 3480 2160 3524 meiner
2195 3481 2406 3534 Meinung‚
2449 3480 2531 3521 und
2570 3478 2641 3519 hat
2676 3478 2768 3519 eine

344 3559 519 3603 ·andere
547 3547 753 3604 Solution'i
793 3563 861 3605 ich
890 3555 1040 3618 glaube
1068 3565 1185 3615 aber,
1234 3565 1327 3609 dass
1354 3579 1401 3608 er
1429 3567 1495 3608 die
1525 3567 1630 3609 Sach
1658 3580 1737 3608 nur
1766 3566 1900 3609 obiter
1927 3567 2180 3616 betrachtet,
2213 3566 2320 3608 denn
2350 3566 2414 3607 ich
2444 3565 2514 3605 bin
2544 3564 2584 3603 in
2615 3563 2772 3606 meiner

348 3645 551 3689 -Solution
594 3633 754 3704 gewiss.
811 3650 898 3693 Ew.
935 3664 1060 3706 sagen
1097 3651 1176 3692 mir
1211 3665 1293 3694 von
1323 3652 1401 3694 den
1431 3652 1752 3695 oscillationibus
1782 3651 1895 3695 einer
1929 3652 2091 3707 Wiege3
2136 3652 2201 3693 ich
2230 3652 2336 3693 habe
2366 3650 2506 3692 solche
2537 3649 2643 3690 auch
2673 3661 2767 3690 aus·

347 3719 608 3786 «gei-echnet‘,
651 3734 829 3778 namlich
872 3736 996 3778 deren
1041 3732 1315 3791 Durationen,
1363 3739 1527 3793 quando
1568 3743 1665 3781 sunt
1707 3739 1865 3781 infinite
1913 3751 2076 3793 parvae.
2143 3737 2274 3778 Meine
2321 3735 2506 3778 Solution
2544 3735 2598 3776 ist
2635 3734 2765 3777 diese:

347 3818 466 3874 «mig.
500 3821 593 3873 151)
637 3820 696 3863 Sit
731 3822 838 3864 ACB
872 3823 1147 3878 pavimentum
1184 3823 1458 3875 horizontale‚
1500 3825 1565 3866 cui
1603 3839 1648 3867 se
1678 3825 1851 3880 applicat
1881 3836 2002 3865 arcus
2032 3823 2157 3873 DCE,
2201 3827 2408 3875 utcunque
2439 3821 2571 3875 gravis
2602 3826 2643 3863 et
2671 3833 2768 3862 one-

345 3909 501 3954 ·ratus;
549 3905 602 3948 ait
637 3912 822 3949 centrum
859 3908 1068 3962 gravitatis
1098 3911 1224 3953 totius
1252 3912 1487 3966 systematis
1517 3912 1557 3950 in
1590 3912 1642 3959 R,
1688 3910 1864 3952 ducatur
1894 3909 2099 3952 verticalis
2135 3908 2251 3958 CRF3
2294 3909 2346 3948 sit
2378 3908 2415 3948 F
2439 3911 2621 3948 centrum
2652 3906 2767 3948 oscil-
