2950 4276
96 207 114 227 ‘
191 206 260 259 48
991 193 1049 245 L.
1108 188 1392 242 EULERI
1431 185 1652 240 OPERA
1691 182 2079 236 POSTHUMA.
2617 180 2846 220 Mechanica.
2878 170 2886 174 ⁷

313 349 391 394 20.
444 347 584 393 Porro
623 337 880 404 exponenda
921 343 991 382 est
1032 335 1191 381 relatio
1230 334 1349 378 inter
1392 332 1508 376 vires
1547 330 1759 375 motrices
1801 335 1849 374 et
1887 341 2074 383 massas,
2125 340 2239 388 quae
2272 339 2376 372 cum
2408 339 2551 387 aeque
2585 339 2664 387 per
2696 339 2744 370 se
2780 339 2870 370 non

186 442 528 494 determinetur,
566 434 644 482 sed
677 449 702 479 a
735 445 939 478 mensura
972 428 1210 475 arbitraria
1243 423 1456 487 pendeat,
1493 422 1701 485 equidem
1735 437 1908 484 semper
1942 421 2162 484 cujusque
2197 422 2401 482 corporis
2433 433 2624 466 massam
2650 433 2731 481 per
2756 433 2874 481 pon-

185 535 289 590 duS,
324 531 443 594 quod
479 529 595 576 idem
629 539 791 586 corpus
825 525 870 568 in
905 516 1146 584 superficie
1181 527 1325 566 terrae
1361 524 1479 564 esset
1514 517 1796 573 habiturum,
1835 517 2082 578 exprimere
2116 513 2263 570 soleo,
2307 511 2670 575 quandoquidem
2702 516 2875 558 'massae

186 625 457 688 ponderibus
509 617 867 682 proportionales
916 613 1339 682 deprehenduntur,
1393 627 1472 674 per
1513 610 1712 674 pondera
1758 626 1863 657 vero
1906 611 2041 656 etiam
2082 609 2268 671 quaevis
2309 609 2428 654 vires
2467 608 2677 654 motrices
2716 612 2876 667 utpote

182 718 453 779 quantitates
485 713 792 773 homogeneae
828 711 1009 772 exprimi
1042 715 1266 771 possunt:
1298 707 1391 754 Hac
1425 719 1536 766 ergo
1571 707 1740 751 ratione
1775 711 1968 766 recepta,
2004 704 2198 765 primum
2233 716 2400 748 massae
2435 707 2483 747 et
2517 701 2633 747 vires
2663 701 2877 746 motrices

182 810 238 855 ad
272 809 679 869 homogeneitatem
714 803 1015 860 reducuntur,
1057 809 1156 848 tum
1191 816 1302 871 vero
1331 804 1466 847 etiam
1501 799 1718 861 quadrata
1750 806 2006 860 temporum
2038 804 2085 844 et
2117 796 2276 843 lineae.

312 929 389 975 2¹.
433 926 709 990 Temporum
743 933 891 973 autem
926 926 1039 971 ratio
1076 922 1268 970 deducta
1304 929 1372 968 est
1403 937 1454 967 ex
1487 923 1669 968 notione
1704 920 1980 977 velocitatis,
2021 934 2134 981 quae
2170 920 2215 964 in
2250 924 2377 965 motu
2412 913 2624 964 uniformi
2661 930 2743 978 per
2775 929 2878 977 spa-

180 1023 293 1069 tium
328 1019 384 1067 ad
417 1028 596 1082 tempus
628 1020 899 1082 applicatum
932 1016 1122 1063 indicari
1156 1016 1292 1072 solet,
1331 1015 1546 1080 velocitas
1579 1021 1726 1060 autem
1763 1015 1855 1075 ipsa
1890 1027 1968 1074 per
2002 1011 2201 1059 radicem
2234 1010 2497 1074 quadratam
2523 1009 2793 1076 altitudinis,
2828 1023 2880 1056 ex

183 1110 283 1177 qua*
310 1129 448 1176 grave
490 1112 682 1160 labendo
725 1128 874 1174 parem
918 1110 1195 1158 celeritatem
1229 1109 1438 1171 acquirit:
1488 1107 1609 1154 unde
1644 1114 1738 1153 tam
1774 1107 2059 1153 velocitatum
2095 1121 2228 1168 quam
2265 1113 2522 1168 temporum
2556 1118 2765 1152 mensura
2798 1103 2883 1150 ab·

184 1208 332 1254 soluta
377 1207 626 1264 obtinetur,
680 1221 791 1268 quae
831 1207 892 1251 ita
933 1211 1002 1251 est
1041 1209 1320 1264 comparata,
1375 1209 1427 1248 ut
1466 1200 1685 1264 quadrata
1727 1208 1819 1247 tam
1860 1207 2114 1262 temporum
2153 1216 2284 1263 quam
2320 1199 2600 1247 celeritatum
2634 1213 2717 1260 pro
2751 1197 2880 1244 lineis

185 1302 278 1347 sint
310 1299 597 1363 reputandae.

318 1425 396 1470 22.
448 1422 542 1469 Hoc
576 1424 714 1484 igitur
746 1421 991 1483 principio,
1045 1421 1118 1467 cni
1160 1421 1359 1467 omnium
1394 1426 1598 1466 motuum
1624 1417 1849 1482 judicium
1887 1419 1947 1464 ita
1982 1418 2213 1474 innititur,
2267 1425 2321 1464 ut
2354 1419 2501 1468 omnia
2535 1418 2757 1480 principia
2791 1431 2885 1463 me-

187 1517 395 1574 chanica,
431 1531 723 1579 quaecunque
758 1515 896 1576 vulgo
931 1511 1122 1576 proferri
1156 1514 1328 1582 solent,
1363 1516 1406 1559 in
1442 1529 1497 1560 eo
1533 1515 1868 1569 contineantur,
1904 1514 2132 1574 exposito,
2168 1510 2496 1574 methodoque‚
2536 1526 2622 1574 qua
2657 1509 2714 1558 ad
2742 1512 2886 1558 omnis
2909 1501 2924 1566 ’Ὗ

187 1613 364 1674 generis
397 1617 545 1657 motus
579 1608 941 1671 investigandos,
977 1611 1044 1654 uti
1080 1610 1324 1676 convenit,
1348 1607 1562 1664 indicata,
1600 1606 1656 1653 ad
1692 1608 1943 1653 institutum
1978 1604 2297 1668 exequendum
2321 1620 2483 1667 pergo,
2518 1620 2571 1652 ac
2605 1606 2748 1668 primo
2780 1605 2889 1667 qui-h

187 1706 290 1751 dem
333 1714 502 1751 motum
542 1705 820 1767 gyratorium
862 1718 1100 1765 corporum
1142 1701 1394 1750 solidorum
1435 1704 1555 1748 circa
1588 1717 1712 1748 axem
1747 1715 2062 1764 quemcunque
2097 1696 2236 1747 fixum
2270 1701 2458 1746 examini
2491 1698 2742 1763 subjiciam.
2815 1698 2886 1761 Sit

187 1801 328 1861 igitur
371 1798 488 1862 (Fig.
529 1797 641 1860 122)
687 1812 851 1859 corpus
893 1797 1194 1859 quodcunque
1228 1797 1414 1853 EFGH,
1467 1796 1586 1859 quod
1621 1798 1743 1843 circa
1784 1811 1907 1842 axem
1949 1790 2089 1841 fixum
2132 1792 2205 1841 Aa
2246 1802 2455 1857 gyretnr,
2509 1809 2704 1857 quocum
2746 1808 2884 1841 unum

191 1895 316 1955 quasi
352 1907 515 1954 corpus
547 1893 811 1938 continuum
853 1893 1128 1937 constituere
1171 1898 1373 1952 putetur,
1428 1893 1521 1937 sive
1562 1892 1653 1937 axis
1686 1906 1764 1952 per
1798 1892 1943 1952 ipsum
1978 1896 2198 1945 transeat,
2252 1890 2346 1935 sive
2388 1890 2663 1936 extrinsecus
2695 1903 2797 1935 cum
2833 1903 2886 1934 eo

191 1982 382 2032 firmiter
414 1987 471 2031 sit
504 2000 752 2042 connexus,
790 1986 850 2031 ita
884 1991 936 2031 ut
969 1985 1172 2047 singulae
1207 1986 1405 2047 corporis
1440 1985 1690 2048 particulae
1725 1991 1816 2030 tam
1850 1964 2050 2044 inter-se
2083 1997 2216 2046 quam
2251 1989 2460 2045 respectu
2493 1981 2630 2046 hujus
2661 1979 2752 2028 axis
2765 1970 2888 2044 ‘per-

191 2085 332 2139 petuo
363 2077 554 2125 eundem
589 2080 724 2124 situm
759 2085 1041 2125 conservent.

319 2187 397 2232 23.
435 2185 530 2232 Hoc
566 2201 730 2248 corpus
763 2188 908 2248 primo
942 2185 1258 2233 consideretur
1291 2187 1336 2232 in
1369 2187 1542 2248 quiete,
1579 2192 1627 2232 et
1661 2201 1753 2248 qno
1786 2186 2070 2248 singulorum
2097 2185 2195 2248 ejus
2220 2185 2547 2232 elementorum
2575 2185 2689 2232 situs
2713 2181 2889 2232 facilius

189 2282 235 2326 in
269 2287 527 2342 computum
563 2279 668 2326 duci
702 2287 856 2341 queat,
893 2287 1070 2342 praeter
1104 2294 1230 2326 axem
1265 2282 1513 2342 gyrationis
1546 2279 1622 2328 Aa
1658 2287 1914 2327 statuantur
1947 2281 1993 2326 in
2027 2294 2215 2342 corpore
2249 2280 2436 2342 insuper
2469 2277 2561 2326 duo
2594 2293 2696 2325 axes
2731 2278 2808 2326 OB
2842 2286 2889 2324 et

191 2374 275 2431 OC,
311 2389 414 2420 cum
448 2375 568 2419 inter
603 2389 649 2419 se
677 2381 781 2433 ¹tum
816 2373 873 2420 ad
906 2372 979 2421 Aa
1011 2375 1256 2432 normales,
1292 2376 1369 2438 qui
1403 2390 1451 2421 se
1486 2382 1644 2423 mutuo
1679 2376 1724 2422 in
1759 2382 1929 2437 puncto
1964 2374 2000 2421 Ο
2026 2373 2284 2431 decussent,
2320 2380 2367 2420 et
2393 2374 2571 2436 corpo'ri
2597 2368 2790 2420 firmiter
2814 2375 2886 2419 in·

188 2467 417 2514 haereant.
486 2466 610 2515 Situs
644 2467 806 2514 horum
841 2467 1035 2515 duorum
1069 2471 1216 2515 axium
1249 2476 1569 2527 assumtornm‚
1606 2484 1745 2531 aeque
1780 2484 1832 2515 ac
1867 2476 2083 2531 punctum
2120 2469 2174 2525 0,
2210 2467 2269 2514 ab
2302 2468 2488 2514 arbitrio
2521 2474 2681 2514 nostro
2708 2466 2886 2529 pendet,

190 2561 461 2623 perindeque
501 2569 571 2607 est
610 2561 1015 2624 quomodocunque
1049 2564 1398 2624 constituantur.
1468 2564 1694 2625 Respectu
1734 2562 1900 2609 borum
1933 2569 2168 2609 ternorum
2203 2563 2348 2609 axium
2383 2575 2495 2624 ergo
2528 2542 2714 2623 quaevis
2747 2563 2888 2623 parti-

191 2655 290 2701 cula
331 2656 531 2716 corporis
571 2661 743 2701 certum
785 2657 920 2701 situm
960 2655 1156 2713 tenebit,
1208 2659 1283 2719 qui
1326 2656 1686 2704 commodissime
1726 2672 1807 2720 per
1847 2663 2002 2703 ternas
2036 2647 2324 2704 coordinatas
2357 2655 2428 2702 bis
2460 2655 2619 2702 axibus
2652 2655 2888 2717 parallelas

190 2744 446 2795 definietur.
515 2746 700 2795 Scilicet
732 2763 757 2794 a
790 2750 1009 2811 particula
1043 2753 1246 2813 corporis
1281 2744 1550 2814 quacnnque
1583 2751 1623 2798 Z
1655 2751 1918 2798 demittatur
1952 2753 1998 2798 in
2032 2750 2214 2814 planum
2248 2748 2373 2797 AOB
2400 2749 2771 2812 perpendiculum
2802 2748 2888 2805 ZY,

190 2841 313 2903 quod
347 2844 412 2887 axi
449 2842 525 2890 OC
555 2844 639 2888 erit
673 2842 956 2904 parallelum3
998 2850 1092 2890 tum
1127 2860 1179 2890 ex
1221 2845 1263 2892 Y
1287 2847 1354 2892 axi
1391 2846 1468 2892 OB
1500 2846 1710 2908 parallela
1745 2852 1908 2908 agatur
1950 2845 2045 2903 YX,
2082 2847 2149 2892 axi
2188 2842 2268 2891 oA
2303 2846 2348 2891 in
2374 2844 2425 2891 X
2453 2858 2718 2897 occurrens;
2751 2851 2890 2906 atque

188 2937 304 2982 situs
337 2937 578 2998 particulae
617 2935 667 2993 Z,
704 2944 912 2998 respectu
947 2944 1178 2985 ternorum
1209 2941 1370 2997 axium,
1408 2955 1488 3003 per
1520 2940 1604 2987 has
1635 2947 1785 2987 ternas
1812 2939 2100 2987 coordinatas
2127 2939 2215 2987 ΟΧ
2233 2954 2361 2995 =oe,
2399 2938 2605 2996 XY=y
2630 2943 2678 2984 et
2710 2935 2890 2985 YZ=z

191 3028 572 3076 determinabitur.

320 3138 398 3184 24.
451 3138 537 3185 Pro
578 3137 735 3185 eadem
778 3153 887 3201 ergo
924 3143 1124 3203 corporis
1160 3143 1379 3203 particula
1413 3142 1453 3190 Z
1482 3142 1568 3190 hae
1601 3150 1756 3191 ternae
1791 3142 2081 3191 coordinatae
2115 3150 2335 3206 perpetuo
2368 3140 2558 3188 eandem
2591 3140 2889 3203 quantitatem

189 3231 464 3290 retinebunt,
515 3233 687 3279 etiamsi
726 3248 891 3295 corpus
933 3242 1164 3297 utcunque
1206 3244 1460 3294 moveatur,
1511 3245 1748 3301 propterea
1788 3237 1912 3301 quod
1950 3237 2036 3286 hos
2076 3252 2180 3284 axes
2211 3237 2338 3300 qnasi
2371 3235 2552 3297 corpori
2587 3230 2748 3281 infixos
2779 3247 2886 3280 cum
2944 3250 2950 3276 ε

190 3340 334 3387 eoque
368 3326 501 3373 simul
535 3321 681 3374 moto's
714 3329 995 3374 assumimus.
1066 3329 1117 3376 In
1151 3337 1271 3377 statu
1305 3333 1422 3378 enim
1457 3339 1607 3380 motus
1642 3332 1690 3379 hi
1723 3334 1807 3395 ipsi
1840 3347 1946 3380 axes
1979 3346 2083 3379 cum
2117 3345 2311 3394 corpore
2347 3336 2612 3385 moventur,
2648 3326 2730 3374 sed
2762 3329 2891 3390 ipso·
2945 3311 2950 3345 '¹

186 3433 285 3465 rum
326 3427 538 3482 respectu
571 3421 794 3483 quaelibet
825 3425 1026 3484 corporis
1066 3425 1283 3486 particula
1325 3432 1543 3488 perpetuo
1576 3425 1770 3474 eundem
1804 3427 1938 3474 situm
1972 3427 2160 3482 retinet,
2196 3439 2278 3487 per
2308 3421 2596 3471 coordinatas
2627 3437 2684 3478 ω,
2715 3436 2752 3480 γ
2783 3427 2830 3467 et
2863 3435 2890 3467 z
2943 3423 2950 3434 '⁴

191 3512 561 3569 determinatum3
614 3515 790 3562 scilicet
822 3517 859 3562 si
895 3531 1061 3579 corpus
1095 3519 1213 3565 circa
1248 3533 1372 3565 axem
1408 3517 1521 3567 ΑΟα
1555 3526 1763 3583 gyretur‚
1813 3519 1891 3566 bic
1925 3519 2107 3582 quidem
2139 3519 2234 3566 axis
2268 3514 2350 3564 ΟΑ
2385 3517 2600 3579 quiescit,
2642 3512 2723 3562 sed
2757 3513 2890 3561 ambo
2947 3522 2950 3554 ἕ

188 3606 345 3669 reliqui
384 3607 461 3654 OB
494 3615 541 3654 et
578 3608 655 3655 OC
684 3597 805 3656 circa
839 3624 941 3656 eum
976 3612 1221 3673 aequaliter
1255 3620 1593 3662 convertentur.
1647 3612 1725 3660 Sin
1759 3621 1909 3661 antem
1943 3620 2094 3661 motus
2127 3611 2183 3659 ad
2212 3625 2357 3673 genus
2379 3609 2626 3656 secundum
2651 3607 2887 3671 pertineat,
2945 3583 2950 3622 ³

186 3698 247 3743 ita
289 3707 340 3746 ut
381 3716 546 3763 corpus
588 3703 708 3750 circa
749 3710 967 3765 punctum
1009 3700 1147 3752 fixum
1193 3706 1228 3752 Ο
1267 3708 1487 3769 agitetur,
1541 3714 1641 3754 tum
1683 3703 1780 3755 fieri
1821 3714 1995 3771 potest,
2048 3713 2101 3754 ut
2141 3719 2298 3754 omnes
2330 3711 2424 3751 tres
2457 3718 2559 3751 axes
2593 3705 2638 3749 in
2671 3702 2888 3749 continuo
2946 3680 2950 3743 ζ

190 3799 317 3839 motu
355 3802 613 3850 versentur,
665 3796 806 3844 nihilo
845 3812 954 3846 vero
997 3800 1143 3846 minus
1185 3815 1339 3848 eorum
1383 3811 1593 3864 respectu
1634 3801 1861 3864 quaelibet
1900 3801 2101 3864 corporis
2140 3798 2357 3862 particula
2394 3803 2658 3846 constanter
2697 3793 2890 3844 eundem

188 3886 321 3931 situm
358 3897 608 3936 conservet.
