2950 4276
596 209 672 262 De
711 208 1058 280 atmosphaera
1093 210 1237 264 lunae
1273 228 1338 264 eoe
1374 210 1547 284 eclipsi
1576 213 1696 266 solis
1733 214 1967 267 annulari
1999 215 2168 271 evicta.
2617 221 2721 275 397

43 352 207 420 nupera
253 351 408 416 eclipsi
458 349 675 399 annulum
721 350 871 403 subito
911 363 1015 399 cum
1059 353 1242 401 notabili
1285 355 1524 402 latitudine
1563 358 1843 419 apparuisse,
1891 372 2035 421 neque
2069 374 2170 406 eum
2205 359 2476 422 pedetentim
2516 366 2564 407 et
2595 361 2720 422 quasi

8 22 125 548 1ᾑι
153 444 325 510 gradus
356 458 454 492 esse
496 437 752 503 firmatum3
800 457 855 490 ex
896 456 989 507 quo
1032 443 1326 506 manifestum,
1360 455 1476 503 erat,
1527 449 1738 495 annulum
1780 449 1838 495 oh
1887 450 2171 512 splendorem
2210 453 2405 515 reliquae
2443 452 2550 500 solis
2583 453 2721 515 partis

32 534 163 609 §stim
194 539 335 588 videri
368 553 460 587 non
497 539 716 602 potuisse,
759 550 892 601 quam
931 537 988 585 ad
1029 544 1198 585 tantam
1240 539 1581 601 amplitudinem
1620 545 1887 601 excreverit,
1928 552 2094 607 quanta
2135 548 2281 594 sensui
2321 548 2444 595 visus
2485 546 2722 596 excitando

33 629 123 704 §fir
150 641 282 683 esset.

167 726 198 795 §
229 730 310 776 25.
357 727 439 775 Hic
479 727 613 774 etiam
651 726 857 774 annotari
894 727 1132 783 convenit,
1167 740 1263 783 eos,
1301 727 1375 787 qui
1419 724 1590 773 directe
1630 727 1677 774 in
1719 728 1858 775 solem
1902 743 1980 791 per
2017 695 2179 778 tubum
2221 735 2570 781 astronomicum
2611 740 2721 781 suut

3 822 209 882 flfflfi,
242 820 456 868 annulum
491 819 660 867 diutius
692 833 790 866 esse
821 821 1127 882 conspicatus,
1178 832 1312 881 quam
1353 833 1455 876 nos,
1500 821 1576 882 qui
1617 820 1855 882 imaginem
1889 822 1997 869 solis
2038 825 2082 869 in
2117 824 2276 871 charta
2312 824 2534 888 depictam
2567 842 2721 875 sumus

35 916 341 980 ufflmplati.
407 915 502 974 lllis
535 915 654 961 euim
689 913 884 961 annulus
917 928 997 976 per
1027 914 1219 975 spatium
1256 911 1341 960 82”
1377 893 1474 960 erat
1505 915 1801 976 conspicuus,
1843 929 1945 962 cum
1986 917 2114 963 nobis
2148 918 2185 962 is
2218 919 2263 963 in
2296 918 2452 965 charta
2491 934 2548 966 ne
2581 937 2718 969 unum

33 998 216 1092 Jfflem
255 1010 476 1056 minutum
514 1010 706 1071 primum
745 1007 936 1054 durasse
976 1007 1230 1064 videretur,
1278 1008 1410 1072 cujus
1461 1007 1729 1055 discriminis
1776 1010 1916 1056 ratio
1941 1011 2036 1056 siue
2076 1009 2214 1075 dubio
2257 1013 2304 1058 in
2352 1027 2405 1058 eo
2445 1020 2516 1060 est
2565 1016 2720 1075 posita,

35 1101 161 1191 '1¹⁸⁹‘
192 1104 246 1160 ii,
285 1102 362 1166 qui
394 1100 563 1149 directe
595 1102 738 1148 solem
777 1108 1069 1163 aspexerunt,
1120 1098 1334 1148 fortiores
1368 1115 1392 1148 a
1427 1099 1564 1148 radiis
1596 1103 1908 1164 impressiones
1942 1104 2219 1165 acceperint,
2270 1103 2459 1166 ideoque
2493 1105 2720 1183 annulum,

35 1188 142 1255 J*
177 1194 278 1261 ejus
317 1195 512 1244 latitudo
553 1192 705 1243 adhuc
741 1194 872 1242 valde
913 1202 1033 1242 esset
1084 1209 1242 1257 parva,
1293 1197 1460 1242 sentire
1510 1197 1768 1258 potuerint,
1821 1198 1986 1260 quippe
2025 1199 2102 1260 qui
2143 1199 2274 1244 etiam
2319 1197 2471 1244 stellas
2507 1180 2723 1260 quasdam

36 1278 386 1356 Μειετυιιιε
427 1295 584 1356 contra
616 1295 787 1347 autem,
829 1290 932 1351 quia
973 1289 1020 1335 in
1062 1288 1218 1335 charta
1258 1288 1366 1335 solis
1399 1290 1548 1351 imago
1583 1289 1727 1336 multo
1770 1286 1974 1340 debilius
1995 1292 2277 1353 exprimitur,
2319 1292 2479 1337 mirum
2515 1306 2607 1338 non
2638 1298 2723 1348 est,

36 1367 247 1442 mum
278 1383 455 1431 tardius
486 1395 702 1452 apparere
734 1385 959 1447 coepisse,
1003 1383 1137 1430 citius
1173 1397 1259 1445 que
1292 1381 1500 1442 desiisse,
1542 1398 1668 1440 cum,
1711 1391 1948 1446 antequam
1991 1363 2095 1446 ejus·
2129 1383 2319 1432 latitudo
2355 1384 2452 1447 jam
2485 1387 2595 1431 satis
2626 1391 2724 1432 erat

37 1457 266 1557 Jfflbilis,
300 1479 618 1541 impressiones
650 1478 696 1523 in
729 1476 884 1524 charta
919 1478 1049 1524 nimis
1082 1484 1236 1523 essent
1269 1476 1458 1535 debiles,
1495 1492 1628 1540 quam
1664 1484 1717 1524 ut
1749 1480 1905 1525 sentiri
1939 1480 2208 1545 potuissent.

38 1564 137 1639 iffi
164 1583 197 1652 §-
226 1580 305 1633 26.
354 1584 471 1642 Quin
503 1587 639 1631 etiam
671 1591 765 1631 tam
799 1592 902 1631 ante
937 1600 1068 1647 quam
1103 1592 1207 1647 post
1242 1585 1479 1641 annulum,
1517 1599 1620 1632 cum
1654 1585 1722 1632 sol
1756 1583 1946 1632 falcatus
1977 1592 2234 1647 appareret,
2269 1585 2477 1648 cuspides
2502 1600 2721 1634 cornuum

43 1686 143 1724 1'‹
174 1687 270 1730 ffrta
301 1694 391 1727 non
425 1675 624 1743 perfecte
658 1680 1042 1742 exprimebantur,
1077 1679 1158 1726 sed
1191 1681 1310 1727 circa
1345 1681 1648 1726 extremitates
1681 1679 1866 1727 obtusae
1900 1686 1946 1725 et
1978 1681 2103 1741 quasi
2138 1681 2349 1726 rescissae
2383 1681 2724 1742 conspicieban-

95 1774 293 1845 ,cujus
326 1774 622 1836 phaenomeni
656 1789 791 1820 causa
826 1789 878 1820 ex
912 1774 1058 1820 allatis
1091 1780 1162 1820 est
1193 1754 1810 1820 manifestassExtremitates
1842 1775 1959 1824 enim
1994 1773 2231 1835 cuspidum
2260 1773 2297 1822 G
2322 1781 2371 1820 et
2398 1773 2434 1822 G
2469 1773 2588 1836 (Fig.
2607 1772 2721 1835 207)

37 1893 48 1924 1·
62 1851 78 1862 ι
197 1875 327 1916 erant
358 1876 595 1930 angustae,
631 1883 765 1930 quam
798 1875 848 1914 ut
881 1866 993 1914 radii
1030 1868 1134 1915 inde
1168 1849 1216 1915 iu
1249 1869 1408 1915 oculos
1442 1868 1513 1914 vel
1547 1870 1593 1914 in
1626 1867 1828 1914 chartam
1871 1867 2121 1914 incidentes
2160 1882 2338 1915 sensum
2379 1868 2449 1914 vel
2485 1870 2724 1930 imaginem

212 1964 525 2026 ·potuissent
592 1962 797 2024 Namque
836 1969 1062 2024 quatenus
1099 1962 1292 2010 latitudo
1324 1962 1462 2025 hujus
1497 1962 1695 2024 cuspidis
1730 1961 1996 2008 diametrum
2030 1962 2209 2018 stellae,
2258 1977 2370 2024 quae
2411 1963 2455 2007 in
2496 1961 2582 2007 hoc
2622 1961 2723 2008 loco

201 2059 316 2105 icua
350 2055 535 2113 fuisset,
577 2072 667 2103 non
708 2057 964 2119 separabat,
1007 2064 1193 2104 eatenus
1232 2072 1413 2119 quoque
1447 2059 1493 2103 in
1529 2056 1686 2103 oculos
1718 2072 1810 2103 non
1843 2055 2055 2111 cadebat3
2097 2057 2173 2103 ubi
2205 2064 2352 2102 autem
2386 2057 2534 2118 cuspis
2566 2057 2722 2103 termi-

30 2200 112 2321 ,Γ
152 2229 188 2257 ‹-

23 2106 97 2246 J
158 2146 456 2220 cernebatur,
490 2152 551 2200 ibi
578 2151 674 2216 jam
714 2152 822 2198 satis
863 2151 1108 2197 notabilem
1149 2150 1430 2197 latitudinem
1469 2149 1637 2209 habere
1680 2149 1933 2214 videbatur.
2001 2148 2187 2212 Hocque
2228 2148 2339 2196 adeo
2381 2149 2721 2212 phaenomenon

0 2281 108 2372 11111
132 2257 171 2289 '1-
198 2252 282 2295 est
312 2248 375 2305 ei,
410 2246 532 2309 quod
565 2262 697 2310 supra
731 2244 788 2293 de
821 2243 1080 2301 latitudine,
1113 2260 1248 2308 quam
1282 2245 1476 2292 annulus
1510 2243 1676 2291 habere
1711 2242 1865 2302 debet,
1900 2251 2135 2306 antequam
2169 2258 2349 2291 sensum
2385 2244 2505 2291 visus
2537 2239 2720 2290 afficere

190 2376 204 2399 ,
238 2343 701 2389 commemoravimus,

40 2399 120 2481 “t
166 2432 197 2499 ς
225 2437 302 2483 27.
353 2434 422 2482 Ob
458 2435 586 2482 banc*
615 2436 757 2497 igitur
808 2449 990 2481 causam
1032 2435 1206 2480 initium
1257 2433 1411 2479 annuli
1455 2447 1546 2480 non
1586 2432 1630 2478 in
1669 2447 1723 2479 eo
1774 2433 1991 2494 temporis
2031 2438 2199 2494 puncto
2235 2438 2304 2478 est
2337 2428 2718 2486 constituendum,

40 2483 45 2589 J
108 2511 357 2576 ‘distantia
398 2531 657 2576 centrorum
697 2528 806 2575 solis
845 2535 893 2576 et
933 2522 1066 2575 lunae
1106 2514 1405 2574 differentiam
1447 2525 1877 2573 semidiametrorum
1919 2519 2010 2571 lion
2053 2524 2249 2582 excedit,
2292 2522 2511 2586 siquidem
2549 2519 2721 2569 refrac-

27 2632 66 2692 :⁹¹¹
111 2600 561 2679 ,mfhorizontalem
603 2625 649 2671 in
688 2624 795 2671 luna
836 2630 961 2670 recte
1003 2616 1098 2669 20''
1139 2624 1448 2696 aestimamus3
1500 2620 1582 2667 sed
1622 2621 1794 2666 initium
1833 2619 1986 2666 annuli
2035 2626 2132 2666 tum
2174 2617 2354 2686 demum
2395 2617 2531 2664 statui
2571 2615 2720 2672 debet,

35 2703 161 2772 εἰ
211 2718 307 2783 ejus
347 2719 542 2766 latitudo
576 2719 671 2783 jam
714 2721 823 2766 satis
861 2710 987 2780 larga
1026 2719 1243 2775 evaserit,
1281 2723 1414 2779 atque
1449 2715 1716 2762 diametrum
1749 2714 1979 2761 stellarum
2020 2714 2065 2759 in
2099 2713 2184 2759 hac
2218 2714 2401 2774 regione
2435 2710 2720 2757 invisibilium

68 2831 98 2881 'ss
150 2793 329 2865 raverit.
395 2812 534 2860 Nobis
567 2812 748 2876 quidem
783 2810 976 2860 latitudo
1010 2812 1163 2858 annuli
1197 2813 1243 2857 in
1277 2812 1422 2874 primo
1457 2811 1584 2856 initio
1619 2810 1777 2871 viginti
1812 2809 1995 2855 minutis
2034 2805 2246 2853 secundis
2285 2807 2429 2852 minor
2463 2819 2553 2851 uon
2585 2782 2721 2864 appa-

43 2912 48 2957 Ι
91 2954 99 2962 ς
135 2939 151 2964 ,
184 2905 301 2954 uude
343 2908 555 2970 colligere
597 2908 727 2966 licet,
769 2908 986 2954 annulum
1026 2913 1130 2952 ante
1171 2921 1262 2953 non
1303 2907 1349 2951 in
1389 2911 1682 2966 conspectum
1723 2904 1897 2959 venire,
1940 2915 2073 2963 quam
2117 2900 2216 2963 ejus
2249 2898 2438 2946 latitudo
2472 2898 2590 2944 ultra
2623 2888 2717 2943 20''

44 2979 289 3129 .11’,111ει·ἰῑ,
330 3007 427 3049 tum
466 3009 615 3049 autem
655 3001 805 3050 subito
849 3016 953 3049 cum
1005 3000 1091 3047 hac
1118 2999 1364 3062 (latitudine
1406 3012 1620 3062 apparere
1669 2997 1871 3059 incipite.
1940 2994 2097 3056 Neque
2151 3008 2254 3039 vero
2306 2993 2428 3039 bunc
2479 2992 2717 3038 terminum

130 3091 375 3164 definire
409 3097 537 3154 licet,
574 3112 676 3144 cum
713 3111 802 3159 quo
836 3097 1022 3158 quisque
1057 3094 1363 3141 excellentiori
1397 3093 1510 3140 tubo
1544 3099 1728 3151 utatur,
1752 3105 1832 3153 per
1866 3103 2000 3152 quem
2031 3087 2172 3136 solem
2209 3088 2455 3143 intueatur,
2494 3100 2546 3132 eo
2586 3086 2719 3131 citius

138 3202 208 3236 ue
238 3190 449 3238 annulum
483 3190 685 3238 clausum
720 3193 779 3237 sit
812 3197 1118 3252 spectaturus·
1161 3191 1207 3236 in
1249 3188 1409 3235 charta
1451 3194 1600 3235 autem
1643 3187 1678 3233 si
1722 3184 1829 3232 solis
1869 3185 2018 3245 imago
2054 3188 2433 3245 repraesentatur,
2474 3179 2520 3228 hi
2556 3178 2719 3227 limites

27 3095 234 3468 Jflffie
215 3282 397 3331 ulterius
428 3292 566 3331 erunt
599 3282 884 3331 extendendi.

28 3350 47 3469 ἱ

29 3473 77 3537 1ἕ1

222 3406 421 3455 28.Αά
460 3408 646 3470 eclipsin
677 3407 786 3455 solis
821 3406 1079 3453 annularem
1114 3406 1291 3453 calculo
1326 3401 1630 3452 definiendam
1663 3403 1742 3449 sit:

87 3490 149 3539 ni

0 3511 77 3622 11
645 3516 976 3565 semidiameter
1008 3517 1118 3565 solis
1152 3530 1372 3579 apparens
1927 3530 1988 3552 =
2008 3523 2038 3556 a

0 3628 56 3708 1
650 3612 980 3659 semidiameter
1011 3610 1151 3658 lunae'
1180 3624 1401 3674 apparens
1926 3625 1988 3646 =
2008 3604 2035 3649 b

0 3713 79 3803 J·
92 3724 200 3767 trs
230 3741 233 3748 ·
651 3721 704 3755 ac
739 3701 991 3754 differentia
1024 3704 1456 3778 semidiametrorum
1491 3709 1684 3766 ponatur
1748 3715 1777 3747 a
1798 3724 1858 3736 —
1879 3698 1906 3744 b
1925 3717 1988 3739 =
2005 3697 2052 3744 d.

0 3843 6 3880 ι
36 3814 260 3888 pm
285 3825 401 3890 (Fig.
419 3828 532 3886 212)
559 3835 682 3875 recta
705 3825 794 3876 AB
826 3829 894 3875 via
921 3841 1137 3890 apparens
1162 3828 1307 3874 centri
1334 3825 1464 3873 lunae
1499 3830 1708 3886 respectu
1741 3820 1884 3868 centri
1919 3818 2047 3874 solis,
2082 3813 2202 3877 quod
2235 3820 2443 3875 tanquam
2480 3810 2713 3858 immotum

0 3937 6 3972 ι
49 3901 488 3979 manderetur,
525 3910 644 3969 unde
681 3920 1061 3986 perpendicularis
1091 3919 1171 3968 Sl,
1204 3920 1260 3968 ad
1289 3917 1374 3967 AB
1407 3919 1599 3967 demissa
1633 3914 1860 3963 exhibebit
1892 3912 2116 3958 minimam
2150 3914 2410 3955 centrorum
2441 3904 2712 3962 distantiam,

13 3967 54 4060 53

14 4104 56 4197 1¹4

15 4195 109 4276 ἑὲ.
