2950 4276
878 166 1124 239 Recensio
1161 186 1537 266 Dt‘ssertaeiom's
1574 187 1631 238 de
1673 187 1837 239 Ventis.
2054 237 2058 239 .
2599 188 2699 241 797

56 362 63 368 .,
101 348 155 366 -··
195 329 314 384 poloa
347 326 512 374 defluit,
556 325 700 379 sicque
735 326 999 380 aequabilem
1033 327 1140 368 aeris
1165 324 1326 368 ‘statum
1359 331 1585 367 conservat.
1644 325 1803 367 Verum
1837 330 2044 380 utcunque
2079 324 2150 368 fiat
2184 326 2286 368 baec
2331 328 2552 378 restitutio,
2598 342 2703 384 quae

9 429 18 455 ῑ
74 435 90 453 ,-
103 415 181 458 mie
206 413 260 456 ad
288 410 566 466 quaestionem
595 411 846 464 propositam
875 423 957 452 nou
985 412 1179 465 pertinet,
1215 423 1438 452 consensus
1473 410 1750 464 experientiae
1778 412 1831 451 ad
1865 410 2067 452 theoriam
2102 410 2422 454 confirmandam
2448 411 2623 463 sufficit;
2658 427 2706 456 ea

135 491 353 559 conatu„
377 508 508 550 prope
542 495 744 561 tropicos,
787 496 859 536 ubi
895 496 1004 564 {euti
1038 495 1174 537 adbuc
1209 501 1438 537 constantes
1473 495 1852 549 deprehenduntur,
1897 502 2041 538 ventos
2077 497 2297 539 orientales
2331 498 2372 538 in
2399 498 2706 553 ‘hemisphaerio

97 606 101 623 t
124 604 168 621 221·
204 581 363 625 boreali
393 581 561 622 boream
591 593 752 628 versus,
781 581 824 621 in
852 581 986 622 altero
1015 586 1152 623 autem
1180 587 1369 622 austrum
1401 593 1546 621 versus
1575 580 1829 634 aliquantum
1860 581 2085 622 declinare:
2115 582 2171 623 ita
2198 588 2243 623 ut
2269 583 2439 624 dubium
2457 584 2510 625 sit
2529 584 2703 632 nullum,

147 669 248 711 haec
284 666 504 715 declinatio
540 666 581 705 in
617 664 720 706 locis
755 666 808 707 ab
843 671 1066 719 aequatore
1096 666 1224 720 magis
1253 665 1420 707 remotis
1452 665 1587 706 adhuc
1624 666 1753 720 major
1782 671 1891 706 esset
1920 665 2076 715 futura,
2112 667 2187 708 nisi
2223 672 2331 709 totus
2360 674 2573 710 ventorum
2603 670 2704 710 ordo

17 756 23 770 ¹
62 753 270 798 vicinitate
297 750 541 793 continentis
569 750 953 804 interrumperetur.
1013 749 1163 791 Notatu
1192 756 1330 791 autem
1360 749 1533 790 maxime
1565 749 1728 802 dignum
1765 755 1845 798 est,
1882 751 1993 803 quod
2027 752 2183 792 Auctor
2216 751 2388 801 invenit,
2424 753 2541 793 istam
2580 752 2707 793 decli-

77 840 203 876 .·.÷1.·.,1.
247 837 300 879 ab
332 841 555 890 aequatore
587 841 746 876 tantum
779 849 916 889 usque
950 835 1003 876 ad
1041 841 1201 876 certum
1231 819 1655 888 latitudinis-gradum
1686 846 1893 882 crescere,
1930 835 2119 888 ultraque
2154 849 2246 877 eum
2277 836 2424 877 iterum
2455 838 2704 883 decrescere,

23 937 25 939 ·
159 923 242 966 sub
268 921 371 976 ipsis
398 921 506 975 polis
534 932 668 975 aeque
698 933 745 961 ac
775 921 856 961 sub
884 926 1108 974 aequatore
1139 921 1275 962 denuo
1304 932 1560 960 evanescere.
1611 919 1846 960 Secundum
1875 919 1979 960 hanc
2005 932 2102 974 ergo
2123 921 2313 962 Auctoris
2341 921 2540 962 theoriam
2561 927 2706 963 ventus

4 436 20 504 'l

2 630 22 684 ,ᾗ
49 634 53 635 ’

10 698 24 753 ἲν·

16 886 28 936 i

18 972 27 1025 i
74 1029 77 1039 ·
122 1008 268 1062 quovis
299 1006 394 1048 loco
428 1018 475 1047 ac
514 1011 699 1059 tempore
735 1006 948 1059 proposito
984 1006 1042 1057 ita
1077 1004 1237 1046 definiri
1274 996 1452 1046 debebit.
1511 1003 1742 1053 Quaeratur
1779 1004 1910 1058 primo
1941 1009 2086 1045 ventus
2117 1018 2168 1046 ex
2197 1005 2334 1046 calore
2362 1005 2464 1046 solis
2492 1006 2703 1053 oriundus,

60 1100 149 1136 'uta
174 1070 299 1134 simul
327 1091 484 1133 ratione
513 1092 604 1146 ejus
634 1091 740 1132 venti
768 1091 1008 1139 constantis,
1043 1092 1116 1144 qui
1150 1091 1204 1131 ob
1239 1092 1412 1149 gradum
1448 1090 1597 1147 caloris
1633 1089 1957 1143 pomeridianum
1994 1090 2185 1143 maj0rem
2222 1090 2540 1131 antemeridiano
2569 1091 2705 1132 locum

26 1151 31 1159 ἱ
137 1209 147 1218 .
203 1177 362 1218 Deinde
388 1176 561 1218 seorsim
591 1176 889 1217 determinetur
920 1180 1084 1223 ventus,
1116 1188 1240 1230 quem
1266 1166 1332 1217 vis
1359 1163 1572 1217 attractiva
1601 1188 1693 1216 cum
1722 1175 1822 1216 solis
1851 1180 1938 1216 tum
1969 1174 2090 1216 lunae
2120 1163 2330 1229 producis,
2361 1175 2615 1229 cognitisque
2642 1174 2707 1214 his

113 1282 117 1298 ·
149 1263 160 1274 ’
210 1262 344 1305 ventis
369 1268 452 1304 tam
481 1263 639 1304 ratione
670 1261 907 1309 directionis
935 1274 1059 1315 quam
1088 1261 1247 1302 ratione
1276 1262 1501 1303 celeritatis
1530 1274 1610 1302 non
1641 1261 1718 1302 erit
1753 1259 1922 1301 difficile
1950 1261 2178 1302 secundum
2213 1260 2378 1313 regulas
2407 1258 2708 1313 compositionis

30 1338 34 1349 ⁵
67 1328 111 1382 ιἰ·
134 1367 138 1370 ⁴
173 1354 340 1390 ventum
369 1361 422 1389 ex
448 1347 498 1389 iia
525 1353 661 1389 ortum
691 1347 876 1401 proxime
905 1346 1054 1389 saltem
1083 1347 1303 1401 assignare.

31 1419 35 1442 1
662 1422 666 1425 .

34 1471 38 1496 Ι
