2950 4276
2914 0 2929 26 ’.1

225 171 332 225 794
1041 165 1098 216 L.
1136 162 1423 215 EULERI
1460 161 1682 214 OPERA
1721 160 2103 215 Pos‘fflUMA.
2790 159 2926 233 m..

222 318 507 371 atmosphaera
535 314 709 367 primum
746 313 786 352 in
817 324 910 352 eum
939 307 1191 362 pervenerit,
1226 319 1301 347 seu
1338 319 1422 359 quo
1458 309 1572 345 motu
1607 304 1850 352 etiamnum,
1885 305 1923 345 si
1957 317 1980 345 a
2015 318 2142 346 causa
2177 319 2422 359 quacunque
2456 306 2588 362 figura
2625 301 2921 365 immuta-etat,

223 415 269 444 ea
300 403 342 442 in
371 406 521 442 statum
550 396 782 450 aequilibrii
814 393 963 436 reverti
994 393 1154 434 debeat.
1212 390 1402 431 Ostendit
1430 395 1566 431 autem
1595 389 1675 430 hoc
1704 401 1801 430 casu
1831 395 1958 430 totam
1986 390 2314 443 atmosphaeram
2339 397 2495 432 motum
2523 393 2726 445 quendam
2744 396 2920 451 recipro-

222 500 314 528 cum
347 498 421 524 scu
458 481 749 533 oscillatorium
786 480 914 520 instar
951 478 1118 532 penduli
1156 490 1247 518 esse
1287 482 1563 529 recepturam,
1602 488 1684 529 quo
1720 474 1886 516 demum
1919 476 2070 516 amisso
2104 476 2156 517 ad
2199 476 2351 530 quietis
2388 483 2539 518 statum
2576 478 2630 520 sit
2662 487 2919 532 perventum.

221 570 342 610 Hunc
370 568 493 621 igitur
526 572 681 607 motum
711 564 1024 612 oscillatorium,
1056 575 1140 616 quo
1168 563 1210 602 in
1240 561 1475 602 mechanica
1505 560 1731 601 sublimiori
1767 560 1835 600 vix
1865 560 2085 614 quicquam
2115 562 2257 602 solutu
2287 562 2495 603 difficilius
2524 565 2746 618 excogitari
2774 573 2920 621 potest,

220 651 448 694 admirabili
476 645 663 692 sollertia
693 650 950 692 determinat.
1009 647 1070 688 Ad
1095 647 1179 688 <hoc
1210 646 1404 687 methodo
1434 646 1556 700 plane
1580 658 1685 686 nova
1717 645 1865 693 utitur,
1899 658 2003 698 quae
2030 645 2072 685 in
2100 646 2192 687 aliis
2223 647 2534 700 quaestionibus
2561 661 2656 689 cum
2685 647 2922 702 mechanifflj

222 732 319 780 tum'
338 735 692 793 hydrodynamicis
723 736 942 776 maximum
974 747 1091 775 usum
1121 733 1275 774 habere
1304 738 1453 785 potest.
1514 731 1724 772 Hactenus
1758 736 1896 771 autem
1933 731 2018 770 vim
2051 731 2263 785 gravitatis
2298 732 2454 786 ubique
2493 732 2546 773 ad
2581 739 2766 776 centrum
2793 741 2921 787 tenu

221 823 435 870 directam,
460 835 506 863 ac
535 829 688 863 certam
719 822 1001 863 distantiarum
1031 812 1462 860 rationem'tenentem
1492 823 1758 865 assumserat;
1789 831 1898 858 nunc
1925 817 2050 871 igitur
2077 818 2186 858 idem
2214 824 2499 873 argumentum
2528 821 2760 862 accuratius
2785 829 2921 878 aggf&

221 908 351 956 ditur,
387 913 512 961 atque
548 907 786 962 gravitatem
822 912 1018 960 tanquam
1053 905 1135 946 vim
1173 917 1225 946 ex
1258 903 1432 957 singulis
1465 903 1755 944 attractionum
1792 902 1968 948 viribus,
2009 903 2160 956 quibus
2195 909 2334 956 partes
2369 905 2562 945 materiae
2595 904 2638 950 in
2673 919 2719 947 se
2752 906 2921 959 invio*

220 1006 342 1047 agere
375 992 671 1046 concipiuntur,
712 992 978 1032 resultantem
1013 978 1328 1043 contemplatur,
1371 989 1427 1029 ita
1468 994 1512 1029 ut
1548 1001 1654 1028 nunc
1689 994 1771 1028 tam
1809 988 1979 1029 directio
2015 1001 2139 1041 quam
2174 989 2381 1042 quantitas
2416 989 2469 1030 ab
2503 989 2592 1044 ipsa
2627 990 2760 1046 figura
2791 995 2921 1051 101τῇ

222 1079 445 1132 plurimum
475 1078 660 1131 pendeat.
713 1076 808 1117 Non
838 1076 973 1117 solum
1003 1083 1140 1116 autem
1175 1074 1387 1128 particulis
1416 1080 1550 1115 terrae
1579 1073 1812 1127 huiuamodi
1841 1073 1924 1114 vim
1952 1074 2227 1115 attractricem
2258 1073 2420 1123 tribuit,
2449 1075 2521 1116 sed
2550 1075 2669 1117 etiam
2700 1077 2921 1139 partica*

223 1176 274 1204 ex
310 1163 461 1217 quibus
489 1163 577 1216 ipsa
607 1162 893 1215 atmosphaera
922 1167 986 1202 est
1015 1161 1253 1214 composita.
1310 1159 1441 1200 Nemo
1470 1165 1608 1200 autem
1641 1172 1722 1199 non
1750 1159 1861 1200 videt
1891 1159 1969 1200 hoc
1998 1146 2118 1200 modo
2149 1165 2230 1200 tam
2259 1159 2539 1213 quaestionem
2568 1161 2621 1202 de
2647 1166 2759 1203 statu
2786 1159 2923 1224 aeq*

222 1248 349 1298 librii,
383 1263 504 1302 quam
536 1248 586 1289 de
618 1253 730 1288 motu
758 1248 829 1289 illo
859 1247 1128 1294 oscillatorio,
1168 1256 1252 1300 quo
1285 1242 1572 1298 atmosptnera
1604 1250 1758 1286 annun
1792 1243 2030 1299 aequilibri}
2056 1245 2113 1287 sit
2141 1250 2399 1294 κωπίω,
2438 1245 2567 1288 multo
2601 1246 2692 1288 fieri
2724 1243 2921 1321 diffini*
2948 1270 2950 1274 .

223 1347 327 1374 rem:
360 1333 488 1374 nihilo
517 1339 650 1374 tamen
682 1335 815 1374 minus
844 1336 996 1373 Auctor
1025 1337 1163 1373 noster
1199 1337 1241 1374 et
1276 1332 1349 1373 has
1377 1330 1642 1371 difficultates
1670 1331 1894 1384 superavit.
1953 1331 2170 1372 Calculum
2206 1330 2316 1372 hunc
2350 1332 2506 1386 ubique
2538 1333 2784 1387 generaliter
2822 1350 2839 1365 ..
2901 1386 2906 1389 η

225 1418 322 1466 tuit,
352 1424 398 1459 ut
427 1432 478 1458 ex
507 1432 557 1459 eo
588 1403 710 1461 etiam
737 1418 870 1473 figura
899 1418 1082 1472 cujusvis
1113 1417 1314 1471 corporis,
1343 1421 1442 1470 puta
1472 1416 1662 1470 planetae
1691 1415 1853 1458 definiri
1884 1416 2034 1470 poscit,
2069 1417 2102 1458 ti
2137 1417 2306 1458 materia
2342 1417 2500 1471 liquida
2528 1418 2720 1481 nucleum
2747 1430 2798 1460 so
2816 1417 2843 1452 ’·
2868 1438 2870 1444 =
2903 1400 2909 1479 J

224 1504 395 1548 ambiat:
425 1505 615 1545 observat
644 1511 779 1545 autem
810 1504 899 1545 fieri
931 1517 1072 1558 posse,
1104 1509 1150 1543 ut
1180 1503 1339 1544 etiamsi
1372 1501 1546 1543 nucleus
1574 1501 1815 1556 sphaericus
1844 1508 2146 1551 assumeretur,
2176 1502 2412 1557 hujusmodi
2432 1504 2595 1558 corpori
2617 1510 2750 1545 tamen
2769 1516 2795 1545 a

225 1589 432 1643 vertiginis
459 1590 589 1645 figura
618 1589 902 1643 sphaeroidica
933 1589 1136 1643 allongata
1167 1587 1450 1629 induceretur:
1482 1587 1560 1628 hoc
1587 1587 1745 1629 scilicet
1773 1588 1922 1641 pendet
1951 1600 1974 1628 a
2005 1564 2115 1629 certa
2136 1593 2219 1628 tam
2239 1588 2486 1630 densitatum
2515 1602 2637 1643 quam
2658 1588 2857 1644 quantita·
2880 1591 2882 1593 ’
2929 1587 2931 1600 ³

225 1674 419 1716 materiae
449 1676 599 1716 fluidae
636 1681 678 1716 et
715 1675 871 1716 solidae
906 1675 1078 1726 ratione.
1138 1674 1383 1730 Hujusmodi
1420 1679 1557 1714 autem
1594 1672 1877 1715 meditationes
1911 1673 1990 1714 hoc
2026 1674 2270 1728 praesertim
2308 1680 2507 1728 tempore,
2547 1688 2629 1728 quo
2662 1680 2748 1716 tam
2781 1687 2806 1718 ο
2834 1673 2847 1685 ’
2872 1655 2933 1732 ’,3

226 1772 350 1814 opera
380 1762 430 1803 de
457 1761 587 1816 figura
616 1768 750 1803 terrae
781 1767 919 1802 extant
948 1761 1076 1809 edita,
1110 1760 1288 1801 maxima
1318 1761 1540 1801 attentione
1570 1760 1716 1813 utique
1744 1760 1889 1814 dignae
1918 1765 2012 1800 sunt
2044 1759 2275 1807 habendae,
2308 1760 2465 1801 etiamsi
2500 1759 2552 1802 ad
2587 1773 2782 1815 praesens
2814 1759 2842 1794 ἰ»
2929 1738 2932 1765 ³

226 1850 356 1886 tutum
401 1847 534 1887 minus
567 1845 837 1899 pertinerent,
883 1858 1026 1885 verum
1062 1846 1216 1884 Auctor
1251 1856 1322 1884 eas
1366 1857 1456 1885 cum
1494 1849 1578 1884 tota
1615 1844 1852 1884 tractatione
1896 1849 1979 1883 tam
2019 1848 2129 1884 arcte
2163 1843 2388 1897 colligavit,
2431 1849 2477 1884 ut
2518 1845 2756 1898 superfluae
2797 1842 2853 1886 vi=
2879 1819 2895 1897 ἶ
2928 1815 2935 1857 i

226 1937 442 1984 nequeant.
500 1931 541 1972 Si
570 1932 676 1972 enim
707 1930 923 1984 peregrina
954 1942 1074 1970 causa
1105 1928 1290 1977 accedat,
1324 1941 1430 1983 quae
1460 1929 1501 1968 in
1535 1932 1672 1970 aerem
1701 1928 1858 1983 agendo
1887 1934 2041 1969 statum
2071 1928 2307 1982 aequilibrii
2339 1928 2491 1978 turbet,
2522 1935 2607 1970 tum
2635 1929 2774 1971 statim
2806 1915 2897 1965 ··=·⁵⁴
2928 1910 2935 1931 ζ’

226 2015 297 2058 ille
327 2017 602 2058 oscillatorius
631 2016 924 2064 concitabitur,
961 2020 1032 2069 qui
1067 2015 1164 2055 dum
1196 2028 1220 2056 a
1249 2027 1373 2057 causa
1402 2014 1593 2055 continuo
1624 2021 1797 2069 urgente
1827 2014 2117 2068 compescitur,
2154 2013 2196 2054 in
2234 2021 2390 2056 motum
2426 2028 2667 2070 perennem,
2702 2014 2769 2071 cuj
2923 2011 2945 2040 ³

226 2099 291 2143 est
318 2108 485 2152 ventus,
509 2103 651 2144 abibit.
711 2102 867 2143 inducit
903 2107 1043 2142 autem
1073 2101 1226 2141 Auctor
1261 2100 1440 2154 primum
1474 2100 1603 2141 solem
1634 2113 1681 2141 ac
1716 2100 1854 2141 lunam
1884 2106 2075 2154 respectu
2111 2100 2237 2141 centri
2266 2105 2401 2142 terrae
2431 2101 2687 2156 quiescentes
2717 2099 2861 2143 eide·=

226 2163 388 2242 regioni.
410 2194 642 2230 constantes
670 2187 945 2235 imminentes,
978 2200 1029 2227 ex
1059 2199 1286 2239 eorumque
1309 2185 1347 2225 vi
1378 2184 1609 2234 attractiva,
1641 2199 1765 2240 quam
1793 2185 1835 2226 in
1866 2187 2004 2227 aerem
2027 2170 2242 2235 exercent,
2274 2192 2428 2227 motum
2457 2185 2569 2229 ae'ris
2598 2184 2692 2229 hinc
2716 2181 2793 2228 ori
2818 2205 2821 2221 ·
2843 2194 2870 2217 ··
2922 2195 2943 2266 ’,ᾖ

227 2272 480 2315 determinat.
538 2273 755 2315 Praeterea
786 2286 884 2315 vero
914 2271 1081 2326 globum
1112 2277 1245 2313 terrae
1274 2270 1453 2312 solidum
1483 2284 1530 2312 ac
1560 2271 1841 2325 sphaericum,
1873 2284 1946 2312 seu
1974 2271 2124 2313 saltem
2146 2270 2332 2326 proxime
2352 2270 2474 2313 talem
2496 2270 2681 2321 assumit,
2710 2270 2759 2313 a&
2914 2287 2942 2350 :¹

2831 2340 2835 2346 .
2857 2349 2862 2355 ,
2910 2341 2917 2375 Ι
2937 2351 2940 2359 ¹

164 2407 171 2412 ἱ
228 2347 394 2401 clateris
429 2359 562 2401 adhuc
597 2366 807 2414 expertam
851 2357 1172 2412 contemplatur,
1215 2363 1262 2398 ut
1298 2357 1349 2398 ab
1385 2356 1450 2398 his
1488 2357 1643 2398 viribus
1678 2362 1829 2398 motum
1863 2357 1950 2399 fere
1984 2357 2164 2399 similem
2201 2356 2332 2424 aestui
2378 2356 2502 2398 maris
2546 2356 2729 2412 recipere
2771 2347 2838 2399 d
2935 2399 2941 2438 I

230 2445 315 2486 Has
343 2445 500 2487 scilicet
528 2427 779 2502 hypotheses
806 2457 831 2484 a
862 2444 1030 2485 veritate
1062 2442 1329 2484 abhorrentes
1357 2443 1449 2484 ideo
1480 2440 1611 2498 fingit,
1650 2449 1697 2485 ut
1734 2450 1951 2484 ventorum
1986 2442 2271 2485 determinatio
2307 2456 2359 2484 ex
2388 2441 2623 2498 praemissis
2659 2438 2730 2484 fiat
2782 2472 2785 2476 -
2848 2449 2855 2467 ·'

229 2531 408 2589 indeque
436 2531 629 2572 transitus
658 2531 709 2571 ad
739 2530 869 2584 ipsam
902 2529 1114 2570 veritatem
1145 2527 1403 2569 commodius
1434 2528 1587 2582 suscipi
1619 2534 1756 2582 queat.
1815 2528 1997 2570 Primum
2034 2528 2179 2584 igitur,
2214 2528 2325 2583 quod
2363 2529 2416 2569 ad
2455 2534 2608 2569 motum
2642 2533 2775 2569 terrae
2806 2539 2850 2569 v
2898 2479 2939 2639 g!

229 2616 332 2672 ginis
367 2617 526 2665 attinet,
573 2630 655 2670 quo
691 2615 974 2672 atmosphacra
1012 2613 1092 2655 sub
1135 2593 1358 2668 aequatore
1395 2614 1517 2655 altior
1562 2614 1749 2655 redditur
1786 2628 1909 2669 quam
1949 2614 2029 2656 sub
2065 2613 2191 2671 polis,
2234 2613 2270 2656 si
2311 2620 2444 2655 motus
2482 2612 2605 2668 hujus
2643 2610 2757 2655 initio
2811 2617 2856 2659 ’λ’
2898 2576 2938 2709 ἢ,

230 2702 538 2757 atmosphaerae
567 2702 710 2743 fuisset
739 2701 971 2755 sphaerica,
1002 2700 1137 2741 statim
1164 2703 1236 2741 aer
1264 2713 1287 2741 a
1318 2700 1426 2754 polis
1455 2701 1506 2741 ad
1536 2706 1801 2754 aequatorem
1828 2701 1960 2742 fluere
1989 2700 2188 2755 inceperit
2216 2713 2384 2742 necesse
2414 2707 2494 2750 est,
2527 2707 2569 2743 et
2588 2699 2683 2756 quia
2702 2680 2857 2742 01)·“·ί
2863 2742 2865 2744 ,
2900 2662 2936 2767 ,ξ’

231 2795 474 2843 conceptum
505 2788 632 2842 major
661 2787 779 2841 copia
808 2799 888 2840 qua
918 2799 993 2841 par
1022 2791 1102 2835 est,
1132 2787 1185 2827 ad
1212 2791 1476 2840 aequatorem
1509 2785 1736 2835 deferetur,
1768 2786 1917 2827 iterum
1947 2785 2042 2828 inde
2072 2788 2125 2828 ad
2154 2784 2275 2841 polos
2306 2785 2477 2834 defluet,
2509 2787 2653 2840 sicque
2683 2771 2836 2828 motu
2847 2741 2935 2847 ³5⁸

231 2887 357 2928 proco
386 2875 495 2915 venti
523 2874 713 2916 boreales
743 2879 784 2915 et
812 2874 1013 2915 australes
1040 2886 1085 2914 se
1115 2861 1345 2915 alternatim
1376 2873 1567 2927 excipere
1598 2873 1820 2914 debebunt.
1868 2874 2048 2928 Tempus
2075 2873 2312 2930 hujusmodi
2342 2870 2675 2927 reciprocationis
2702 2884 2780 2914 seu
2831 2853 2860 2879 ¹
2868 2923 2869 2926 Ἴ
2897 2831 2933 2939 ἂι

234 2959 392 3002 lationis
422 2961 528 3002 acris
556 2961 643 3001 fere
674 2961 798 3000 unius
830 2958 910 3000 diei
940 2972 1018 3013 ope
1047 2959 1199 3000 calculi
1225 2965 1316 3000 ante
1347 2960 1484 3000 traditi
1517 2959 1771 3000 determinat.
1831 2958 1900 3000 Sol
1933 2959 2081 3000 deinde
2112 2958 2180 3000 vel
2210 2956 2309 3000 luna
2336 2956 2372 3000 si
2402 2957 2587 3008 accedat,
2625 2954 2722 3012 quia
2750 2956 2793 2998 in
2849 2939 2865 2984 Ἰ
2919 2942 2931 3011 .]'

233 3045 300 3086 cui
329 3045 528 3094 imminet,
559 3046 761 3100 huicque
770 3045 959 3099 opposito
989 3047 1128 3085 ae'rem
1158 3044 1432 3086 intumescere
1463 3045 1576 3092 facit,
1606 3045 1781 3086 similem
1813 3050 1970 3086 motum
1995 3044 2256 3099 reciprocum
2286 3044 2371 3086 aeri
2400 3044 2583 3094 inducet,
2613 3042 2732 3099 cujus
2759 3029 2841 3084 d'
2897 3046 2921 3094 ,’

232 3146 397 3187 semper
425 3133 501 3174 erit
527 3133 568 3174 in
600 3133 721 3187 plano
754 3131 957 3180 verticali,
996 3132 1107 3186 quod
1140 3131 1182 3172 in
1220 3132 1366 3185 quovis
1403 3115 1538 3173 terrae
1575 3132 1668 3173 loco
1704 3146 1789 3186 per.
1814 3132 1951 3174 locum
1989 3133 2076 3173 sive
2105 3132 2207 3173 solis
2234 3132 2320 3174 sive
2356 3131 2477 3172 lunae
2508 3129 2690 3178 ducitur,
2722 3117 2820 3170 hu'·
2844 3149 2845 3153 ¹

235 3224 367 3259 motus
394 3223 474 3258 tam
505 3222 667 3272 tempus
696 3217 821 3258 unius
850 3212 1200 3271 reciprocationis,
1231 3230 1354 3271 quam
1381 3216 1633 3258 celeritatem
1664 3217 1808 3272 quovis
1835 3223 2042 3259 momento
2073 3217 2327 3259 determinat.
2375 3217 2429 3258 Et
2454 3214 2489 3257 si
2517 3221 2655 3257 autem
2684 3212 2762 3257 hoc

236 3302 306 3358 qui
336 3317 360 3345 a
390 3306 502 3345 motu
531 3309 664 3344 terrae
695 3303 842 3344 diurno
873 3308 912 3344 et
939 3316 964 3343 a
993 3303 1150 3344 viribus
1180 3302 1480 3344 attractricibus
1508 3300 1609 3345 solis
1639 3309 1679 3345 et
1708 3304 1831 3345 lunae
1859 3304 2030 3346 seorsim
2061 3303 2261 3358 pendent,
2293 3301 2495 3351 definivit,
2525 3307 2660 3343 tamen
2680 3294 2830 3340 exitfflfi

2887 3420 2915 3467 R
2888 3337 2923 3379 -Ώ
2859 3099 2919 3303 42⁸¹*-
2897 2992 2916 3022 ¹·

236 3386 458 3431 difficulter
487 3395 641 3430 motum
671 3390 777 3430 aeris
806 3387 856 3429 ab
886 3388 951 3429 his
981 3389 1114 3429 causis
1143 3388 1390 3444 conjunctim
1420 3387 1635 3443 agentibus
1669 3387 1891 3431 oriundum
1925 3388 2101 3444 colligit,
2138 3389 2176 3430 ei
2205 3393 2362 3436 autem,
2397 3384 2493 3442 quia
2525 3396 2550 3428 a
2585 3383 2758 3428 veritate
2787 3381 2791 3402 ¹

235 3475 288 3517 01)
317 3475 437 3517 nimis
462 3475 634 3516 liberam
663 3472 951 3531 hypothesium
979 3472 1187 3515 fictionem
1216 3474 1483 3516 vehementer
1514 3472 1695 3521 abludit,
1725 3475 1860 3516 fusius
1890 3489 1970 3516 non
2001 3474 2207 3525 inhaeret,
2233 3473 2310 3515 sed
2337 3473 2415 3515 hoc
2445 3470 2539 3514 loco
2568 3475 2797 3513 momenta
2884 3500 2919 3555 ᾖ,

237 3560 330 3602 dam
364 3561 406 3600 in
440 3559 610 3616 physica
642 3560 816 3601 maxime
851 3564 991 3601 notatu
1031 3557 1150 3614 digna
1186 3558 1354 3615 attingit.
1415 3557 1605 3602 Ostendit
1640 3558 1832 3602 nimirum
1868 3558 1972 3602 hanc
2007 3560 2108 3601 solis
2141 3563 2182 3601 et
2224 3556 2348 3601 lunae
2388 3557 2589 3600 actionem
2633 3553 2674 3598 in
2715 3557 2788 3599 al·
2793 3623 2797 3627 .
2851 3591 2918 3635 Μ

235 3640 456 3687 barometri
485 3642 642 3686 nullam
670 3643 908 3686 sensibilem
938 3644 1201 3686 mutationem
1231 3643 1399 3686 efficere
1428 3642 1586 3695 valere,
1618 3643 1775 3687 etiamsi
1804 3647 1877 3687 aer
1905 3644 2142 3687 elasticitate
2171 3649 2344 3687 careret.
2392 3639 2436 3684 In
2458 3652 2541 3698 quo
2560 3654 2585 3684 a
2603 3639 2783 3684 Celeh.·
2816 3660 2917 3721 ὁ

236 3727 492 3771 Bernoulli
523 3730 725 3780 dissentit,
766 3732 837 3786 qui
872 3731 914 3772 in
947 3710 1119 3773 tractatu
1155 3729 1205 3773 de
1241 3736 1357 3774 aestu
1394 3732 1516 3774 maris
1551 3727 1649 3774 satis
1682 3731 1888 3787 ingentem
1921 3733 2188 3774 mutationem
2221 3732 2264 3773 in
2300 3729 2512 3785 pressione
2545 3729 2653 3771 aeris
2684 3724 2782 3770 ab

236 3817 338 3858 solis
366 3823 407 3859 et
434 3818 556 3859 lunae
587 3818 686 3859 oriri
711 3815 868 3859 dehere
898 3819 1055 3868 statuit,
1085 3819 1121 3859 si
1153 3818 1320 3872 quidem
1350 3819 1479 3860 elater
1507 3819 1686 3860 abesset:
1723 3819 1776 3860 01)
1804 3819 1914 3861 ae'ris
1942 3825 2080 3861 autem
2108 3817 2387 3860 elasticitatem
2412 3813 2503 3857 fieri
2529 3813 2694 3856 demum
2714 3826 2738 3853 e
2767 3811 2841 3842 '··
2806 3746 2916 3910 Ξὲ

239 3905 284 3942 ut
311 3902 404 3943 talis
431 3904 599 3945 mutatio
627 3903 964 3959 imperceptibilis
993 3904 1203 3947 reddatur.
1251 3908 1499 3960 Argumenta
1527 3905 1654 3960 igitur
1679 3890 1967 3948 Bernoullii
1995 3906 2149 3947 Auctor
2165 3901 2438 3947 mosomi
2453 3899 2591 3944 studio
2610 3873 2822 3954 evol-vit.-
