2950 4276
174 160 242 213 40
970 152 1028 204 L.
1067 148 1359 203 EULERI
1406 144 1631 200 OPERA
1670 143 2059 198 POSTHUMA.
2129 104 2131 106 ⁵
2615 145 2854 187 nectam-00.
2933 119 2941 221 ξ

172 303 338 352 addere
372 304 557 350 oblitum
594 299 763 347 suisse‘?
797 297 904 344 dum
938 294 1168 342 concludit
1203 295 1292 339 vim
1325 293 1466 354 ipsius
1499 291 1544 338 A
1578 305 1676 336 esse
1711 288 1769 336 ad
1804 289 1844 335 B
1878 296 1930 336 ut
1963 290 2027 335 64
2060 287 2118 335 ad
2146 289 2361 345 eta-t,
2396 303 2477 335 seu
2503 290 2589 345 68,
2626 304 2727 336 cum
2763 305 2874 336 con·
2933 276 2942 366 z

172 399 461 447 cludendum*
487 395 643 443 fuisset
685 403 735 441 ut
771 395 831 439 Gli
867 391 921 437 ad
958 389 1427 444 611-1-[1-1-223,
1479 402 1560 433 seu
1594 393 1644 433 ut
1678 386 1740 432 61*
1776 384 1834 433 ad
1874 386 1980 432 100.
2049 383 2096 431 Si
2132 386 2216 442 ita,
2267 386 2335 431 uti
2370 383 2527 442 decet,
2579 385 2880 432 ratiocinatus
2931 420 2942 445 ,,

170 491 352 549 fuisset,
387 492 554 538 nullam
589 485 995 534 contradictionem
1029 485 1285 545 reperisset.
2911 447 2942 543 l

301 583 328 649 §
363 584 416 630 V.
468 582 703 627 Praeterea
746 576 868 624 istud
910 592 1090 639 quoque
1127 576 1447 623 Maclaurini
1481 577 1767 624 ratiocinium
1801 573 1892 622 hoc
1927 573 2099 620 laborat
2133 573 2267 630 vitio,
2324 569 2445 634 quod
2478 572 2663 617 nimium
2699 572 2879 641 probet;

170 678 259 724 hoc
294 678 409 721 enim
445 672 581 720 modo
616 680 664 717 et
692 672 823 734 juxta
859 672 1003 732 ipsum
1042 668 1444 716 contradictionem
1478 669 1760 715 involverent
1786 668 1997 730 pleraque
2024 668 2068 712 in
2096 666 2343 728 geometria
2371 652 2617 711 certissima
2647 663 2880 727 dogmata.

170 769 353 823 Scilicet
403 782 494 817 non
545 766 734 827 amplius
772 771 921 810 essent
961 756 1118 810 circuli
1163 770 1209 808 et
1248 759 1422 824 figurae
1463 763 1630 809 similes
1674 764 1719 808 in
1753 763 1926 808 ratione
1970 760 2199 822 duplicata
2239 757 2563 806 diametrorum
2607 766 2653 804 et
2689 759 2893 822 laterum,

170 861 544 922 homologorum,
581 859 660 906 sed
695 866 845 905 essent
878 860 922 903 in
959 872 1115 904 eorum
1148 858 1331 927 ratione,
1355 857 1573 920 simplici,
1603 858 1691 902 imo
1719 856 1850 919 juxta
1878 855 1921 902 M
1932 854 2199 901 aclaurini
2227 855 2444 916 principia
2472 852 2881 901 contradictorium
2927 883 2939 925 1

171 963 292 1003 esset
327 954 475 1001 dicere
513 958 540 1001 lv
578 969 676 1000 esse
712 951 982 1014 quadratum
1017 953 1155 1013 ipsius
1188 952 1233 998 2.

2928 940 2947 1068 .-*‘⁴¹:‘

303 1047 330 1114 ἕ
363 1049 443 1096 Vl.
497 1047 612 1094 Nolo
655 1054 805 1092 autem
847 1045 1014 1091 diutius
1053 1044 1160 1090 huic
1199 1041 1458 1091 refutationi
1490 1045 1748 1100 immorari,
1799 1042 1879 1089 sed
1922 1059 2016 1090 rem
2058 1041 2204 1105 ipsam
2237 1040 2500 1103 aggrediar,
2553 1057 2788 1104 meamque
2827 1042 2884 1090 de

174 1147 336 1191 virium
364 1144 690 1189 existimatione
718 1141 996 1195 sententiam,
1025 1146 1244 1200 quantum
1272 1153 1468 1200 possum,
1496 1138 1749 1184 luculenter
1775 1136 2057 1199 exponamf)
2094 1135 2227 1195 Quod
2255 1143 2305 1182 ut
2333 1132 2432 1193 fiat,
2469 1136 2607 1198 probe
2638 1137 2886 1185 notandum
2939 1152 2950 1196 ς·

177 1247 246 1286 est
279 1245 383 1284 ante
420 1237 568 1284 omnia
603 1235 938 1296 impressionem
973 1240 1122 1287 motus
1157 1232 1358 1294 cujusvis
1389 1233 1441 1278 in‘
1471 1235 1650 1294 corpus
1668 1247 1763 1280 non
1791 1227 1896 1278 fleri
1931 1232 1982 1296 in
2002 1232 2205 1286 instanti,
2243 1228 2321 1276 sed
2352 1229 2640 1292 pedetentim.
2700 1230 2887 1279 Scilicet
2947 1218 2950 1223 ⁸

178 1336 269 1380 vim
306 1340 529 1379 mortuam
565 1328 610 1377 A
658 1328 778 1392 (fig.
821 1327 932 1390 116>
976 1329 1020 1372 in
1066 1331 1227 1388 corpus
1263 1328 1301 1372 B
1335 1342 1428 1373 sese
1455 1334 1724 1372 'exerentem
1759 1328 1887 1388 eique
1921 1332 2095 1372 motum
2132 1326 2460 1387 imprimentem
2499 1342 2577 1388 per
2610 1327 2887 1389 aliquantum
2933 1319 2950 1410 {1¹

178 1428 372 1489 spatium
410 1425 479 1469 Ba
514 1438 677 1484 corpus
708 1423 745 1467 B
773 1421 1067 1467 concomitari
1104 1427 1150 1467 et
1188 1421 1275 1465 vim
1311 1434 1436 1465 suam
1469 1404 1709 1481 replicare,
1734 1419 2011 1481 quantillum
2046 1417 2150 1464 dein
2186 1416 2295 1465 illud
2330 1420 2523 1481 spatium
2558 1421 2628 1467 sit.
2671 1420 2717 1467 Si
2754 1436 2890 1468 manu
2935 1408 2950 1504 Γ

179 1535 346 1589 corpus
373 1517 553 1570 moneo,
589 1522 767 1578 oportet
801 1522 852 1560 ut
889 1530 1021 1560 manu
1057 1529 1222 1576 corpus
1256 1514 1579 1576 aliquantisper
1606 1515 1900 1570 concomiter,
1929 1520 1974 1559 ct
1998 1520 2061 1569 ⁴ut
2095 1528 2253 1560 manus
2285 1529 2390 1560 cum
2425 1529 2614 1577 corpore
2640 1523 2888 1575 moveatur,
2923 1487 2950 1570 ,²2²

182 1630 317 1677 quam
350 1612 500 1659 subito
553 1626 735 1672 quoque
778 1615 1024 1655 manum‘a
1066 1620 1258 1671 corpore
1298 1624 1594 1658 removeam·
1638 1608 1690 1656 ln
1731 1610 1829 1670 ipso
1873 1609 1992 1654 enim
2037 1614 2279 1655 contactus
2321 1610 2449 1655 initio
2491 1623 2654 1672 corpus
2678 1611 2892 1674 ¹concipit

181 1715 334 1755 motus
363 1709 541 1769 'partem
584 1701 934 1759 infinitesimam,
990 1709 1205 1765 pergente
1249 1710 1400 1750 autem
1442 1717 1576 1749 manu
1611 1701 1904 1765 protrudere,
1936 1718 2071 1750 verus
2113 1710 2268 1750 motus
2301 1709 2347 1749 et
2380 1703 2591 1750 celeritas
2631 1704 2890 1762 consider-ae
2926 1679 2950 1762 l:

184 1803 286 1850 bilis
324 1803 366 1847 in
404 1802 591 1861 corpore
629 1799 832 1860 generari
868 1804 2950 1859 potest.

314 1896 467 1963 §vlt
506 1896 564 1942 Ut
599 1895 688 1942 hoc
722 1882 980 1940 accuratius
1014 1908 1284 1955 prosequar,
1319 1909 1440 1956 pono
1478 1891 1597 1956 (Fig.
1611 1893 1734 1956 117)
1773 1910 1953 1941 manum
1989 1910 2157 1957 corpus
2192 1893 2237 1942 A
2274 1896 2317 1940 vi
2345 1895 2566 1957 aequabili
2594 1909 2672 1958 per
2695 1897 2892 1958 spatium
2924 1848 2950 1963 1ιῖ

187 1993 270 2040 AB
306 1993 507 2038 comitari
551 1998 595 2035 et
639 1987 926 2050 protrudere,
972 2004 1051 2034 seu
1096 1990 1130 2034 si
1166 1987 1254 2034 AB
1290 1988 1420 2034 valde
1454 1990 1667 2049 exiguum
1710 1986 1869 2045 fuerit,
1908 1989 2018 2036 nihil
2055 1992 2244 2035 interest
2278 1991 2358 2035 etsi
2398 1990 2465 2035 vis
2499 2005 2657 2036 manus
2689 1990 2895 2053 aliquan-
2925 1983 2950 2065 ”1·

184 2089 332 2134 tulum
366 2089 648 2139 immutetur,
685 2091 826 2144 patet,
864 2090 1010 2129 erecta
1048 2099 1097 2128 ex
1133 2083 1335 2144 quolibet
1371 2090 1540 2144 puncto
1576 2085 1618 2129 P
1651 2090 1772 2129 recta
1810 2083 2170 2145 perpendiculari
2202 2084 2292 2131 PM
2314 2085 2634 2145 proportionali
2671 2085 2941 2135 celeritatis

185 2183 389 2243 corporis
431 2183 476 2225 in
516 2180 577 2235 P,
635 2191 818 2224 curvam
861 2179 905 2222 in
946 2193 1031 2237 qua
1076 2183 1197 2222 extat
1240 2183 1460 2238 punctum
1506 2177 1552 2221 Μ
1592 2175 1686 2223 sore
1732 2178 2008 2238 parabolam,
2062 2185 2108 2223 et
2149 2177 2430 2224 celeritatem
2467 2180 2668 2241 corporis
2699 2179 2820 2227 ultra
2855 2180 2895 2226 B
2923 2154 2950 2236 ll

184 2291 279 2322 esse
317 2281 365 2320 ut
399 2261 668 2334 applicatam
707 2271 788 2315 BC
820 2272 863 2316 in
899 2278 1070 2332 puncto
1107 2271 1167 2326 B,
1174 2286 1356 2331 usque
1389 2269 1448 2316 ad
1484 2270 1608 2332 quod
1645 2272 1711 2317 vis
1746 2269 2020 2333 protrudens
2056 2287 2221 2334 corpus
2253 2269 2299 2318 A
2332 2275 2680 2330 concomitatur.
2925 2254 2950 2316 l⁴¹

315 2366 342 2431 Q
369 2366 489 2414 Vlll.
529 2366 597 2412 Sit
623 2366 717 2428 jam
755 2365 871 2425 (fig.
901 2368 1007 2426 118)
1034 2363 1155 2411 aliud
1201 2380 1367 2426 corpus
1400 2380 1427 2410 α
1461 2365 1646 2426 aequale
1681 2367 1860 2427 corpori
1890 2364 1945 2422 A,
1981 2373 2028 2412 et
2061 2365 2355 2454 protrudatur
2386 2366 2444 2413 ab
2476 2367 2565 2414 alia
2596 2370 2662 2426 vi,
2697 2383 2812 2431 quae
2846 2385 2896 2420 se
2886 2278 2950 2447 ll

186 2465 350 2511 habeat
383 2462 437 2508 ad
475 2463 586 2516 vim,
623 2475 708 2520 qua
745 2474 911 2520 corpus
948 2456 986 2504 A
1026 2459 1308 2519 propellitur,
1347 2465 1399 2503 ut
1433 2474 1456 2504 v
1491 2459 1547 2504 ad
1590 2461 1644 2516 V,
1681 2466 1729 2505 et
1761 2475 1873 2521 quae
1896 2475 2068 2521 corpus
2093 2474 2121 2506 a
2148 2475 2290 2522 usque
2318 2459 2375 2507 ad
2403 2461 2429 2507 b
2457 2469 2781 2524 prosequatur,
2811 2442 2950 2576 crit&

156 2615 160 2618 ἢ
189 2573 326 2604 curva
361 2570 480 2612 amc,
518 2555 647 2616 cujus
691 2553 942 2614 applicatae
978 2567 1054 2613 pm
1095 2554 1300 2613 corporis
1333 2567 1361 2597 α
1404 2554 1449 2598 in
1487 2553 1589 2599 loco
1617 2570 1649 2615 p
1687 2554 1963 2600 celeritatem
1997 2561 2247 2615 exponunt,
2282 2570 2464 2617 quoque
2500 2556 2731 2618 parabola,
2767 2565 2816 2613 et
2846 2565 2898 2616 nt
2926 2511 2950 2652 [11

189 2651 274 2698 hae
301 2649 416 2695 duae
449 2647 684 2709 parabolae
721 2647 913 2691 invicem
948 2642 1142 2690 conferri
1176 2660 1355 2706 quoque
1391 2647 1584 2707 possint,
1620 2652 1824 2708 oportet,
1861 2654 1913 2694 ut
1939 2649 2175 2709 parametri
2205 2647 2515 2710 parabolarum
2542 2647 2694 2709 AMC,
2727 2667 2825 2700 amc
2849 2668 2936 2709 so.

189 2745 384 2792 habeant
423 2744 554 2798 inter
582 2756 651 2795 se,
692 2747 744 2800 nt
787 2741 903 2785 vires
938 2739 1251 2800 propulsantes
1292 2740 1334 2786 V
1359 2746 1406 2786 et
1439 2755 1476 2786 e.
1547 2740 1645 2788 Hoc
1677 2738 1803 2788 facto
1838 2742 2110 2788 existimatio
2142 2743 2309 2797 virium
2335 2758 2388 2788 ex
2421 2742 2538 2790 datis
2571 2745 2941 2806 celeritatibuffi
2911 2704 2942 2765 ἰ

191 2854 270 2885 seu
303 2837 550 2883 aestimatio
586 2834 898 2895 subsequentis
933 2833 1175 2878 celeritatis
1210 2849 1261 2879 ex
1297 2833 1399 2880 data
1435 2836 1478 2880 vi
1514 2850 1679 2896 corpus
1713 2834 2015 2898 propellente,
2051 2843 2098 2882 et
2131 2839 2296 2900 spatio,
2334 2852 2414 2900 per
2434 2837 2569 2901 quod
2602 2854 2771 2912 corpus
2795 2855 2825 2888 a
2855 2843 2918 2889 vi

192 2930 498 2995 protruditur,
535 2931 581 2974 in
615 2934 794 2989 promtu
829 2928 928 2974 erit.
998 2927 1080 2973 Hic
1115 2929 1309 2988 primum
1344 2927 1400 2974 de
1436 2931 1748 2977 aestimatione
1781 2933 2027 2993 posteriorc
2050 2942 2207 2993 agam.
2368 2952 2372 2956 ²
2693 2980 2696 2982 ,
2933 2949 2941 2971 ›

324 3023 352 3090 §
388 3023 468 3071 IX.
520 3021 820 3068 Existentibus
855 3035 969 3082 ergo
1005 3020 1176 3067 viribus
1209 3036 1397 3083 corpora
1432 3020 1492 3074 Α,
1514 3030 1561 3069 et
1594 3038 1628 3070 a
1659 3023 2053 3086 protrudentibu'S,
2113 3027 2156 3074 V
2182 3032 2231 3080 et
2264 3041 2306 3084 α,
2342 3027 2507 3089 quibus
2539 2990 2937 3090 proportionalesl

194 3127 301 3168 sunt
337 3118 570 3180 parametri
606 3115 916 3177 parabolarum
951 3112 1099 3172 ΑΜΕ,
1140 3130 1252 3171 atne,
1308 3117 1456 3164 Erunt
1490 3118 1745 3165 celeritates
1777 3114 1963 3166 effectae
1999 3121 2044 3166 in
2080 3120 2347 3182 corporibus
2372 3119 2418 3167 A
2440 3129 2489 3168 et
2512 3137 2542 3172 a
2567 3129 2619 3170 ut
2646 3124 2726 3175 BC
2747 3123 2806 3171 ad
2828 3124 2899 3182 bc,
2929 3174 2936 3194 1

195 3215 226 3260 i.
245 3229 284 3259 e.
313 3218 366 3257 ut
398 3207 646 3272 V(V.AB)
683 3208 738 3255 ad
772 3205 1009 3271 V(v.ab);*
1043 3208 1090 3255 id
1125 3214 1216 3267 est,
1252 3211 1507 3258 celeritates
1533 3214 1709 3292 suntin
1735 3215 1906 3261 ratione
1931 3213 2248 3277 subduplicata
2278 3217 2527 3277 composita
2555 3217 2714 3264 virium
2739 3216 2900 3280 impel-
2927 3226 2940 3257 .·

197 3307 389 3353 lentium
424 3312 468 3350 et
502 3305 766 3365 spatiorum,
816 3317 894 3364 per
929 3319 1042 3364 quae
1077 3305 1192 3350 vires
1224 3318 1416 3366 corpora
1451 3309 1840 3366 concomitantur3
1874 3309 1910 3354 si
1945 3309 2120 3363 scilicet
2142 3323 2342 3371 corpora
2374 3306 2546 3364 fuerint
2575 3310 2803 3372 aequalia,
2829 3311 2900 3370 sin
2935 3300 2937 3305 ¹

198 3403 364 3456 minuS,
399 3397 536 3445 modo
573 3396 822 3458 descriptae
856 3399 1016 3444 rationi
1050 3397 1238 3460 adjungi
1278 3397 1417 3445 debet
1447 3402 1564 3446 ratio
1597 3402 1774 3449 inversa
1809 3403 1994 3502 simplex
2027 3417 2313 3453 massarum.
2361 3403 2424 3450 Ex
2457 3403 2530 3452 his
2556 3403 2655 3467 jam
2688 3404 2746 3452 de
2778 3392 2930 3462 celo?

198 3495 408 3542 ritatibus
440 3505 680 3553 corporum
716 3489 843 3536 datas
875 3492 994 3537 vires
1029 3492 1325 3554 sequentibus
1358 3495 1429 3540 sic
1458 3492 1622 3543 infero.
1838 3546 1841 3549 1
2935 3538 2939 3542 .

329 3585 357 3652 §
394 3586 476 3633 Χ.
503 3586 605 3633 Sint
637 3586 781 3646 spatia
815 3582 922 3642 AB,
961 3585 1044 3646 ab,
1076 3601 1177 3648 per
1208 3600 1322 3649 quae
1356 3590 1474 3635 vires
1506 3604 1698 3652 corpora
1729 3597 2081 3653 prosequuntur,
2125 3551 2345 3653 aequalia,
2387 3598 2524 3646 erunt
2556 3592 2836 3651 celeritates
2845 3600 2900 3654 nt
2935 3563 2940 3603 ἶ

198 3679 250 3736 V
260 3684 299 3730 V
326 3681 384 3728 ad
419 3673 524 3735 Vc,
571 3677 692 3725 unde
731 3677 999 3729 Leibuitiani
1039 3693 1172 3733 sunm
1213 3679 1380 3743 dogma
1413 3680 1648 3730 deducere
1687 3691 1891 3747 possunt.
1966 3682 2069 3742 Sic,
2117 3698 2227 3737 cum
2269 3699 2461 3749 corpora
2497 3687 2687 3750 impulsa
2725 3694 2901 3740 tantam
2934 3703 2940 3745 ff

361 3869 401 3922 *)
434 3871 510 3913 Hic
540 3870 592 3913 ad
623 3867 846 3926 marginem
875 3883 999 3914 manu
1028 3872 1212 3915 auctoris
1240 3872 1518 3928 adscriptum:
1554 3876 1775 3933 NBaPono
1801 3878 1865 3919 hic
1893 3890 2030 3933 corpus
2059 3889 2171 3922 mum
2196 3883 2588 3936 ωοευηιηωῳηρμ
2613 3881 2655 3926 m·
2678 3888 2899 3928 „wrm-,2
2935 3875 2940 3891 ¹
