<?xml version="1.0" encoding="UTF-8"?>
<!DOCTYPE html PUBLIC "-//W3C//DTD XHTML 1.0 Transitional//EN"
    "http://www.w3.org/TR/xhtml1/DTD/xhtml1-transitional.dtd">
<html xmlns="http://www.w3.org/1999/xhtml" xml:lang="en" lang="en">
 <head>
  <title>
</title>
<meta http-equiv="Content-Type" content="text/html;charset=utf-8" />
  <meta name='ocr-system' content='tesseract 3.04.00' />
  <meta name='ocr-capabilities' content='ocr_page ocr_carea ocr_par ocr_line ocrx_word'/>
</head>
<body>
  <div class='ocr_page' id='page_1' title='image "./operapostumamath02euleuoft_0372.png"; bbox 0 0 2950 4276; ppageno 0'>
   <div class='ocr_carea' id='block_1_1' title="bbox 226 136 2909 218">
    <p class='ocr_par' dir='ltr' id='par_1_1' title="bbox 226 136 2909 218">
     <span class='ocr_line' id='line_1_1' title="bbox 226 136 2909 218; baseline -0.005 0"><span class='ocrx_word' id='word_1_1' title='bbox 226 163 332 218; x_wconf 87' lang='lat'><strong>356</strong></span> <span class='ocrx_word' id='word_1_2' title='bbox 747 136 749 138; x_wconf 77' lang='grc'><strong>’</strong></span> <span class='ocrx_word' id='word_1_3' title='bbox 1022 154 1077 206; x_wconf 79' lang='lat' dir='ltr'><strong>L.</strong></span> <span class='ocrx_word' id='word_1_4' title='bbox 1120 150 1412 204; x_wconf 79' lang='lat' dir='ltr'><strong>EULEm</strong></span> <span class='ocrx_word' id='word_1_5' title='bbox 1453 148 1678 211; x_wconf 76' lang='lat' dir='ltr'><strong>OPERA</strong></span> <span class='ocrx_word' id='word_1_6' title='bbox 1718 147 2105 201; x_wconf 80' lang='lat' dir='ltr'><strong>PosTflUMA.</strong></span> <span class='ocrx_word' id='word_1_7' title='bbox 2662 166 2909 214; x_wconf 53' lang='lat' dir='ltr'><strong>amm</strong></span> 
     </span>
    </p>
   </div>
   <div class='ocr_carea' id='block_1_2' title="bbox 213 286 2950 2981">
    <p class='ocr_par' dir='ltr' id='par_1_2' title="bbox 220 286 2950 550">
     <span class='ocr_line' id='line_1_2' title="bbox 222 286 2950 355; baseline -0.005 -5"><span class='ocrx_word' id='word_1_8' title='bbox 222 304 329 350; x_wconf 91' lang='lat' dir='ltr'><strong>dum</strong></span> <span class='ocrx_word' id='word_1_9' title='bbox 363 303 463 348; x_wconf 88' lang='lat' dir='ltr'><strong>loca</strong></span> <span class='ocrx_word' id='word_1_10' title='bbox 497 297 604 346; x_wconf 92' lang='lat' dir='ltr'><strong>nodi</strong></span> <span class='ocrx_word' id='word_1_11' title='bbox 638 294 803 348; x_wconf 88' lang='lat' dir='ltr'><strong>media;</strong></span> <span class='ocrx_word' id='word_1_12' title='bbox 837 307 975 355; x_wconf 91' lang='lat' dir='ltr'><strong>eaque</strong></span> <span class='ocrx_word' id='word_1_13' title='bbox 1010 305 1091 353; x_wconf 90' lang='lat' dir='ltr'><strong>per</strong></span> <span class='ocrx_word' id='word_1_14' title='bbox 1122 289 1321 337; x_wconf 87' lang='lat' dir='ltr'><strong>tabulam</strong></span> <span class='ocrx_word' id='word_1_15' title='bbox 1354 289 1670 350; x_wconf 88' lang='lat' dir='ltr'><strong>aequationum</strong></span> <span class='ocrx_word' id='word_1_16' title='bbox 1703 287 1760 334; x_wconf 88' lang='lat' dir='ltr'><strong>ab</strong></span> <span class='ocrx_word' id='word_1_17' title='bbox 1794 288 2013 334; x_wconf 85' lang='lat' dir='ltr'><strong>anomalia</strong></span> <span class='ocrx_word' id='word_1_18' title='bbox 2046 286 2152 334; x_wconf 87' lang='lat' dir='ltr'><strong>solis</strong></span> <span class='ocrx_word' id='word_1_19' title='bbox 2184 286 2479 349; x_wconf 82' lang='lat' dir='ltr'><strong>pendentium</strong></span> <span class='ocrx_word' id='word_1_20' title='bbox 2517 292 2912 352; x_wconf 67' lang='lat' dir='ltr'><strong>corrigantur,su&#39;t</strong></span> <span class='ocrx_word' id='word_1_21' title='bbox 2948 324 2950 337; x_wconf 89' lang='lat'><em>.</em></span> 
     </span>
     <span class='ocr_line' id='line_1_3' title="bbox 223 381 2950 458; baseline -0.004 -16"><span class='ocrx_word' id='word_1_22' title='bbox 223 394 444 458; x_wconf 84' lang='lat' dir='ltr'><strong>prodeant</strong></span> <span class='ocrx_word' id='word_1_23' title='bbox 477 392 607 438; x_wconf 91' lang='lat' dir='ltr'><strong>lunae</strong></span> <span class='ocrx_word' id='word_1_24' title='bbox 642 389 742 434; x_wconf 92' lang='lat' dir='ltr'><strong>loca</strong></span> <span class='ocrx_word' id='word_1_25' title='bbox 769 387 863 449; x_wconf 90' lang='lat' dir='ltr'><strong>jam</strong></span> <span class='ocrx_word' id='word_1_26' title='bbox 898 385 957 432; x_wconf 94' lang='lat' dir='ltr'><strong>ob</strong></span> <span class='ocrx_word' id='word_1_27' title='bbox 991 385 1215 431; x_wconf 79' lang='lat' dir='ltr'><strong>actionem</strong></span> <span class='ocrx_word' id='word_1_28' title='bbox 1248 382 1355 429; x_wconf 89' lang='lat' dir='ltr'><strong>solis</strong></span> <span class='ocrx_word' id='word_1_29' title='bbox 1387 387 1614 438; x_wconf 83' lang='lat' dir='ltr'><strong>correcta,</strong></span> <span class='ocrx_word' id='word_1_30' title='bbox 1650 396 1765 443; x_wconf 90' lang='lat' dir='ltr'><strong>quae</strong></span> <span class='ocrx_word' id='word_1_31' title='bbox 1799 381 1992 444; x_wconf 91' lang='lat' dir='ltr'><strong>amplius</strong></span> <span class='ocrx_word' id='word_1_32' title='bbox 2026 381 2147 428; x_wconf 88' lang='lat' dir='ltr'><strong>nulla</strong></span> <span class='ocrx_word' id='word_1_33' title='bbox 2181 381 2267 428; x_wconf 87' lang='lat' dir='ltr'><strong>alia</strong></span> <span class='ocrx_word' id='word_1_34' title='bbox 2297 383 2581 428; x_wconf 83' lang='lat' dir='ltr'><strong>correctione</strong></span> <span class='ocrx_word' id='word_1_35' title='bbox 2605 390 2778 444; x_wconf 86' lang='lat' dir='ltr'><strong>praeter</strong></span> <span class='ocrx_word' id='word_1_36' title='bbox 2801 400 2910 446; x_wconf 62' lang='lat' dir='ltr'><strong>eam</strong></span> <span class='ocrx_word' id='word_1_37' title='bbox 2938 393 2950 437; x_wconf 77' lang='grc'><strong>“.</strong></span> 
     </span>
     <span class='ocr_line' id='line_1_4' title="bbox 220 474 2687 550; baseline -0.01 -16"><span class='ocrx_word' id='word_1_38' title='bbox 220 502 333 550; x_wconf 88' lang='lat' dir='ltr'><strong>quae</strong></span> <span class='ocrx_word' id='word_1_39' title='bbox 367 486 422 531; x_wconf 89' lang='lat' dir='ltr'><strong>ab</strong></span> <span class='ocrx_word' id='word_1_40' title='bbox 457 482 677 530; x_wconf 90' lang='lat' dir='ltr'><strong>anomalia</strong></span> <span class='ocrx_word' id='word_1_41' title='bbox 713 481 844 527; x_wconf 89' lang='lat' dir='ltr'><strong>lunae</strong></span> <span class='ocrx_word' id='word_1_42' title='bbox 879 477 1024 526; x_wconf 89' lang='lat' dir='ltr'><strong>media</strong></span> <span class='ocrx_word' id='word_1_43' title='bbox 1059 476 1247 540; x_wconf 89' lang='lat' dir='ltr'><strong>pendet,</strong></span> <span class='ocrx_word' id='word_1_44' title='bbox 1283 474 1534 537; x_wconf 80' lang='lat' dir='ltr'><strong>indigeant.</strong></span> <span class='ocrx_word' id='word_1_45' title='bbox 2683 536 2687 538; x_wconf 74' lang='lat'>.</span> 
     </span>
    </p>

    <p class='ocr_par' dir='ltr' id='par_1_3' title="bbox 213 548 2950 1970">
     <span class='ocr_line' id='line_1_5' title="bbox 349 548 2950 641; baseline -0.001 -19"><span class='ocrx_word' id='word_1_46' title='bbox 349 574 377 641; x_wconf 82' lang='lat'><em>§</em></span> <span class='ocrx_word' id='word_1_47' title='bbox 411 578 456 623; x_wconf 91' lang='grc'><strong>6.</strong></span> <span class='ocrx_word' id='word_1_48' title='bbox 508 574 604 621; x_wconf 88' lang='lat' dir='ltr'><strong>Hoc</strong></span> <span class='ocrx_word' id='word_1_49' title='bbox 646 573 798 619; x_wconf 90' lang='lat' dir='ltr'><strong>labore</strong></span> <span class='ocrx_word' id='word_1_50' title='bbox 836 570 1042 633; x_wconf 86' lang='lat' dir='ltr'><strong>expedito</strong></span> <span class='ocrx_word' id='word_1_51' title='bbox 1084 576 1300 616; x_wconf 89' lang='lat' dir='ltr'><strong>notentur</strong></span> <span class='ocrx_word' id='word_1_52' title='bbox 1346 553 1622 614; x_wconf 85' lang='lat' dir='ltr'><strong>differentiae</strong></span> <span class='ocrx_word' id='word_1_53' title='bbox 1665 570 1784 614; x_wconf 87' lang='lat' dir='ltr'><strong>inter</strong></span> <span class='ocrx_word' id='word_1_54' title='bbox 1825 569 1925 616; x_wconf 88' lang='lat' dir='ltr'><strong>loca</strong></span> <span class='ocrx_word' id='word_1_55' title='bbox 1976 569 2107 615; x_wconf 88' lang='lat' dir='ltr'><strong>lunae</strong></span> <span class='ocrx_word' id='word_1_56' title='bbox 2150 583 2276 625; x_wconf 86' lang='lat' dir='ltr'><strong>vera,</strong></span> <span class='ocrx_word' id='word_1_57' title='bbox 2328 583 2408 616; x_wconf 90' lang='lat' dir='ltr'><strong>seu</strong></span> <span class='ocrx_word' id='word_1_58' title='bbox 2448 585 2500 615; x_wconf 90' lang='lat' dir='ltr'><strong>ex</strong></span> <span class='ocrx_word' id='word_1_59' title='bbox 2535 548 2910 634; x_wconf 70' lang='lat' dir='ltr'><strong>observationibq</strong></span> <span class='ocrx_word' id='word_1_60' title='bbox 2945 594 2950 630; x_wconf 78' lang='lat' dir='ltr'><strong>l</strong></span> 
     </span>
     <span class='ocr_line' id='line_1_6' title="bbox 218 658 2950 727; baseline -0.003 -10"><span class='ocrx_word' id='word_1_61' title='bbox 218 670 456 725; x_wconf 89' lang='lat' dir='ltr'><strong>conclusa,</strong></span> <span class='ocrx_word' id='word_1_62' title='bbox 498 675 545 714; x_wconf 89' lang='lat' dir='ltr'><strong>et</strong></span> <span class='ocrx_word' id='word_1_63' title='bbox 583 668 682 714; x_wconf 90' lang='lat' dir='ltr'><strong>loca</strong></span> <span class='ocrx_word' id='word_1_64' title='bbox 723 665 858 713; x_wconf 91' lang='lat' dir='ltr'><strong>modo</strong></span> <span class='ocrx_word' id='word_1_65' title='bbox 902 670 1186 727; x_wconf 79' lang='lat' dir='ltr'><strong>computata3</strong></span> <span class='ocrx_word' id='word_1_66' title='bbox 1228 678 1343 724; x_wconf 90' lang='lat' dir='ltr'><strong>quae</strong></span> <span class='ocrx_word' id='word_1_67' title='bbox 1383 659 1699 709; x_wconf 88' lang='lat' dir='ltr'><strong>differentiae</strong></span> <span class='ocrx_word' id='word_1_68' title='bbox 1687 678 1805 708; x_wconf 90' lang='lat' dir='ltr'><strong>mox</strong></span> <span class='ocrx_word' id='word_1_69' title='bbox 1840 669 1972 709; x_wconf 91' lang='lat' dir='ltr'><strong>erunt</strong></span> <span class='ocrx_word' id='word_1_70' title='bbox 2007 658 2327 719; x_wconf 85' lang='lat' dir='ltr'><strong>affirmativae,</strong></span> <span class='ocrx_word' id='word_1_71' title='bbox 2361 679 2462 709; x_wconf 87' lang='lat' dir='ltr'><strong>mox</strong></span> <span class='ocrx_word' id='word_1_72' title='bbox 2495 666 2742 725; x_wconf 82' lang='lat' dir='ltr'><strong>negativae.</strong></span> <span class='ocrx_word' id='word_1_73' title='bbox 2797 665 2910 717; x_wconf 71' lang='lat' dir='ltr'><strong>Tn-</strong></span> <span class='ocrx_word' id='word_1_74' title='bbox 2943 682 2950 721; x_wconf 63' lang='grc' dir='ltr'>ι</span> 
     </span>
     <span class='ocr_line' id='line_1_7' title="bbox 217 745 2950 827; baseline -0.001 -17"><span class='ocrx_word' id='word_1_75' title='bbox 217 770 457 827; x_wconf 84' lang='lat' dir='ltr'><strong>quaeratur</strong></span> <span class='ocrx_word' id='word_1_76' title='bbox 489 763 678 808; x_wconf 88' lang='lat' dir='ltr'><strong>maxima</strong></span> <span class='ocrx_word' id='word_1_77' title='bbox 710 757 961 807; x_wconf 86' lang='lat' dir='ltr'><strong>differentia</strong></span> <span class='ocrx_word' id='word_1_78' title='bbox 998 765 1090 804; x_wconf 92' lang='lat' dir='ltr'><strong>tam</strong></span> <span class='ocrx_word' id='word_1_79' title='bbox 1124 752 1393 820; x_wconf 84' lang='lat' dir='ltr'><strong>affirmativa</strong></span> <span class='ocrx_word' id='word_1_80' title='bbox 1426 771 1558 818; x_wconf 78' lang='lat' dir='ltr'><strong>quam</strong></span> <span class='ocrx_word' id='word_1_81' title='bbox 1591 758 1826 818; x_wconf 88' lang='lat' dir='ltr'><strong>negativa,</strong></span> <span class='ocrx_word' id='word_1_82' title='bbox 1869 771 1980 818; x_wconf 91' lang='lat' dir='ltr'><strong>quas</strong></span> <span class='ocrx_word' id='word_1_83' title='bbox 2018 758 2214 818; x_wconf 86' lang='lat' dir='ltr'><strong>proxime</strong></span> <span class='ocrx_word' id='word_1_84' title='bbox 2255 763 2354 802; x_wconf 91' lang='lat' dir='ltr'><strong>tum</strong></span> <span class='ocrx_word' id='word_1_85' title='bbox 2394 759 2594 803; x_wconf 83' lang='lat' dir='ltr'><strong>evenisse</strong></span> <span class='ocrx_word' id='word_1_86' title='bbox 2634 745 2950 814; x_wconf 23' lang='lat' dir='ltr'><strong>manifesufl&#39;i</strong></span> 
     </span>
     <span class='ocr_line' id='line_1_8' title="bbox 216 848 2950 917; baseline -0.001 -14"><span class='ocrx_word' id='word_1_87' title='bbox 216 865 307 914; x_wconf 89' lang='lat' dir='ltr'><strong>est,</strong></span> <span class='ocrx_word' id='word_1_88' title='bbox 343 871 446 903; x_wconf 90' lang='lat' dir='ltr'><strong>cum</strong></span> <span class='ocrx_word' id='word_1_89' title='bbox 479 857 686 917; x_wconf 89' lang='lat' dir='ltr'><strong>aequatio</strong></span> <span class='ocrx_word' id='word_1_90' title='bbox 722 854 777 900; x_wconf 90' lang='lat' dir='ltr'><strong>ab</strong></span> <span class='ocrx_word' id='word_1_91' title='bbox 810 852 1030 900; x_wconf 83' lang='lat' dir='ltr'><strong>anomalia</strong></span> <span class='ocrx_word' id='word_1_92' title='bbox 1065 852 1194 898; x_wconf 92' lang='lat' dir='ltr'><strong>lunae</strong></span> <span class='ocrx_word' id='word_1_93' title='bbox 1231 849 1374 896; x_wconf 89' lang='lat' dir='ltr'><strong>media</strong></span> <span class='ocrx_word' id='word_1_94' title='bbox 1410 848 1612 911; x_wconf 89' lang='lat' dir='ltr'><strong>pendens</strong></span> <span class='ocrx_word' id='word_1_95' title='bbox 1645 848 1782 896; x_wconf 85' lang='lat' dir='ltr'><strong>fuerit</strong></span> <span class='ocrx_word' id='word_1_96' title='bbox 1817 851 2024 907; x_wconf 88' lang='lat' dir='ltr'><strong>maxima,</strong></span> <span class='ocrx_word' id='word_1_97' title='bbox 2061 857 2154 896; x_wconf 91' lang='lat' dir='ltr'><strong>tam</strong></span> <span class='ocrx_word' id='word_1_98' title='bbox 2187 849 2396 896; x_wconf 90' lang='lat' dir='ltr'><strong>addenda</strong></span> <span class='ocrx_word' id='word_1_99' title='bbox 2430 866 2565 912; x_wconf 89' lang='lat' dir='ltr'><strong>quam</strong></span> <span class='ocrx_word' id='word_1_100' title='bbox 2598 850 2910 913; x_wconf 56' lang='lat' dir='ltr'><strong>subtrahamu-</strong></span> <span class='ocrx_word' id='word_1_101' title='bbox 2942 868 2950 907; x_wconf 73' lang='grc' dir='ltr'><strong>ι</strong></span> 
     </span>
     <span class='ocr_line' id='line_1_9' title="bbox 215 943 2950 1006; baseline -0.002 -8"><span class='ocrx_word' id='word_1_102' title='bbox 215 952 338 998; x_wconf 90' lang='lat' dir='ltr'><strong>lnter</strong></span> <span class='ocrx_word' id='word_1_103' title='bbox 369 957 442 997; x_wconf 90' lang='lat' dir='ltr'><strong>tot</strong></span> <span class='ocrx_word' id='word_1_104' title='bbox 474 951 592 995; x_wconf 90' lang='lat' dir='ltr'><strong>enim</strong></span> <span class='ocrx_word' id='word_1_105' title='bbox 625 950 756 996; x_wconf 87' lang='lat' dir='ltr'><strong>lunae</strong></span> <span class='ocrx_word' id='word_1_106' title='bbox 790 948 1124 994; x_wconf 88' lang='lat' dir='ltr'><strong>observationes</strong></span> <span class='ocrx_word' id='word_1_107' title='bbox 1147 944 1395 1006; x_wconf 69' lang='lat' dir='ltr'><strong>probabile</strong></span> <span class='ocrx_word' id='word_1_108' title='bbox 1437 951 1507 990; x_wconf 92' lang='lat' dir='ltr'><strong>est</strong></span> <span class='ocrx_word' id='word_1_109' title='bbox 1550 943 1766 1006; x_wconf 90' lang='lat' dir='ltr'><strong>quasdam</strong></span> <span class='ocrx_word' id='word_1_110' title='bbox 1806 946 2016 1000; x_wconf 89' lang='lat' dir='ltr'><strong>existere,</strong></span> <span class='ocrx_word' id='word_1_111' title='bbox 2069 945 2115 990; x_wconf 91' lang='lat' dir='ltr'><strong>in</strong></span> <span class='ocrx_word' id='word_1_112' title='bbox 2155 944 2318 1006; x_wconf 90' lang='lat' dir='ltr'><strong>quibus</strong></span> <span class='ocrx_word' id='word_1_113' title='bbox 2357 946 2563 1006; x_wconf 90' lang='lat' dir='ltr'><strong>aequatio</strong></span> <span class='ocrx_word' id='word_1_114' title='bbox 2604 944 2661 991; x_wconf 92' lang='lat' dir='ltr'><strong>ab</strong></span> <span class='ocrx_word' id='word_1_115' title='bbox 2702 946 2910 1004; x_wconf 62' lang='lat' dir='ltr'><strong>anomffl</strong></span> <span class='ocrx_word' id='word_1_116' title='bbox 2941 944 2950 1004; x_wconf 79' lang='lat' dir='ltr'><strong>l</strong></span> 
     </span>
     <span class='ocr_line' id='line_1_10' title="bbox 218 1021 2950 1104; baseline -0.002 -14"><span class='ocrx_word' id='word_1_117' title='bbox 218 1044 360 1091; x_wconf 90' lang='lat' dir='ltr'><strong>media</strong></span> <span class='ocrx_word' id='word_1_118' title='bbox 394 1044 528 1090; x_wconf 90' lang='lat' dir='ltr'><strong>lunae</strong></span> <span class='ocrx_word' id='word_1_119' title='bbox 565 1041 765 1104; x_wconf 88' lang='lat' dir='ltr'><strong>pendens</strong></span> <span class='ocrx_word' id='word_1_120' title='bbox 797 1039 937 1088; x_wconf 90' lang='lat' dir='ltr'><strong>fuerit</strong></span> <span class='ocrx_word' id='word_1_121' title='bbox 971 1037 1064 1085; x_wconf 86' lang='lat' dir='ltr'><strong>fere</strong></span> <span class='ocrx_word' id='word_1_122' title='bbox 1101 1039 1308 1094; x_wconf 87' lang='lat' dir='ltr'><strong>maxima,</strong></span> <span class='ocrx_word' id='word_1_123' title='bbox 1345 1044 1436 1083; x_wconf 92' lang='lat' dir='ltr'><strong>tam</strong></span> <span class='ocrx_word' id='word_1_124' title='bbox 1468 1035 1677 1083; x_wconf 88' lang='lat' dir='ltr'><strong>addenda</strong></span> <span class='ocrx_word' id='word_1_125' title='bbox 1718 1053 1852 1099; x_wconf 89' lang='lat' dir='ltr'><strong>quam</strong></span> <span class='ocrx_word' id='word_1_126' title='bbox 1895 1037 2219 1084; x_wconf 89' lang='lat' dir='ltr'><strong>subtrahenda.</strong></span> <span class='ocrx_word' id='word_1_127' title='bbox 2278 1037 2461 1084; x_wconf 87' lang='lat' dir='ltr'><strong>Etiamsi</strong></span> <span class='ocrx_word' id='word_1_128' title='bbox 2504 1039 2622 1084; x_wconf 91' lang='lat' dir='ltr'><strong>enim</strong></span> <span class='ocrx_word' id='word_1_129' title='bbox 2665 1037 2777 1086; x_wconf 85' lang='lat' dir='ltr'><strong>baec</strong></span> <span class='ocrx_word' id='word_1_130' title='bbox 2815 1039 2909 1095; x_wconf 62' lang='lat' dir='ltr'><strong>lons</strong></span> <span class='ocrx_word' id='word_1_131' title='bbox 2940 1021 2950 1092; x_wconf 69' lang='lat' dir='ltr'><strong>l</strong></span> 
     </span>
     <span class='ocr_line' id='line_1_11' title="bbox 216 1109 2950 1210; baseline -0.001 -25"><span class='ocrx_word' id='word_1_132' title='bbox 216 1139 386 1200; x_wconf 81' lang='lat' dir='ltr'><strong>aliquot</strong></span> <span class='ocrx_word' id='word_1_133' title='bbox 420 1136 637 1199; x_wconf 88' lang='lat' dir='ltr'><strong>gradibus</strong></span> <span class='ocrx_word' id='word_1_134' title='bbox 676 1135 849 1182; x_wconf 89' lang='lat' dir='ltr'><strong>distent</strong></span> <span class='ocrx_word' id='word_1_135' title='bbox 882 1133 939 1179; x_wconf 92' lang='lat' dir='ltr'><strong>ab</strong></span> <span class='ocrx_word' id='word_1_136' title='bbox 981 1134 1034 1179; x_wconf 92' lang='lat' dir='ltr'><strong>iis</strong></span> <span class='ocrx_word' id='word_1_137' title='bbox 1073 1133 1271 1193; x_wconf 89' lang='lat' dir='ltr'><strong>punctis,</strong></span> <span class='ocrx_word' id='word_1_138' title='bbox 1327 1130 1404 1177; x_wconf 92' lang='lat' dir='ltr'><strong>ubi</strong></span> <span class='ocrx_word' id='word_1_139' title='bbox 1442 1132 1650 1193; x_wconf 85' lang='lat' dir='ltr'><strong>aequatio</strong></span> <span class='ocrx_word' id='word_1_140' title='bbox 1691 1138 1760 1176; x_wconf 89' lang='lat' dir='ltr'><strong>est</strong></span> <span class='ocrx_word' id='word_1_141' title='bbox 1800 1133 2007 1186; x_wconf 85' lang='lat' dir='ltr'><strong>maxima;</strong></span> <span class='ocrx_word' id='word_1_142' title='bbox 2058 1138 2209 1178; x_wconf 88' lang='lat' dir='ltr'><strong>tamen</strong></span> <span class='ocrx_word' id='word_1_143' title='bbox 2249 1133 2356 1194; x_wconf 90' lang='lat' dir='ltr'><strong>quia</strong></span> <span class='ocrx_word' id='word_1_144' title='bbox 2395 1134 2606 1194; x_wconf 86' lang='lat' dir='ltr'><strong>aequatio</strong></span> <span class='ocrx_word' id='word_1_145' title='bbox 2645 1134 2764 1180; x_wconf 76' lang='lat' dir='ltr'><strong>circa</strong></span> <span class='ocrx_word' id='word_1_146' title='bbox 2804 1109 2950 1210; x_wconf 59' lang='lat' dir='ltr'><strong>hadq</strong></span> 
     </span>
     <span class='ocr_line' id='line_1_12' title="bbox 218 1223 2947 1295; baseline -0.003 -16"><span class='ocrx_word' id='word_1_147' title='bbox 218 1240 383 1295; x_wconf 88' lang='lat' dir='ltr'><strong>puncta</strong></span> <span class='ocrx_word' id='word_1_148' title='bbox 421 1246 510 1278; x_wconf 91' lang='lat' dir='ltr'><strong>non</strong></span> <span class='ocrx_word' id='word_1_149' title='bbox 546 1230 808 1277; x_wconf 84' lang='lat' dir='ltr'><strong>notabiliter</strong></span> <span class='ocrx_word' id='word_1_150' title='bbox 843 1229 1061 1283; x_wconf 85' lang='lat' dir='ltr'><strong>variatur,</strong></span> <span class='ocrx_word' id='word_1_151' title='bbox 1095 1240 1223 1272; x_wconf 89' lang='lat' dir='ltr'><strong>error</strong></span> <span class='ocrx_word' id='word_1_152' title='bbox 1258 1223 1377 1270; x_wconf 89' lang='lat' dir='ltr'><strong>ultra</strong></span> <span class='ocrx_word' id='word_1_153' title='bbox 1412 1225 1590 1287; x_wconf 82' lang='lat' dir='ltr'><strong>aliquot</strong></span> <span class='ocrx_word' id='word_1_154' title='bbox 1623 1226 1793 1271; x_wconf 91' lang='lat' dir='ltr'><strong>minuta</strong></span> <span class='ocrx_word' id='word_1_155' title='bbox 1828 1224 2025 1271; x_wconf 88' lang='lat' dir='ltr'><strong>secunda</strong></span> <span class='ocrx_word' id='word_1_156' title='bbox 2058 1241 2297 1287; x_wconf 85' lang='lat' dir='ltr'><strong>exsurgere</strong></span> <span class='ocrx_word' id='word_1_157' title='bbox 2333 1228 2501 1288; x_wconf 89' lang='lat' dir='ltr'><strong>nequit.</strong></span> <span class='ocrx_word' id='word_1_158' title='bbox 2560 1225 2680 1281; x_wconf 88' lang='lat' dir='ltr'><strong>Quin</strong></span> <span class='ocrx_word' id='word_1_159' title='bbox 2716 1223 2947 1286; x_wconf 59' lang='lat' dir='ltr'><strong>etiamiffl</strong></span> <span class='ocrx_word' id='word_1_160' title='bbox 2942 1267 2947 1272; x_wconf 87' lang='lat'><strong>.</strong></span> 
     </span>
     <span class='ocr_line' id='line_1_13' title="bbox 215 1317 2911 1389; baseline -0.002 -15"><span class='ocrx_word' id='word_1_161' title='bbox 215 1328 345 1374; x_wconf 89' lang='lat' dir='ltr'><strong>binae</strong></span> <span class='ocrx_word' id='word_1_162' title='bbox 384 1332 567 1373; x_wconf 87' lang='lat' dir='ltr'><strong>notatae</strong></span> <span class='ocrx_word' id='word_1_163' title='bbox 609 1324 821 1369; x_wconf 89' lang='lat' dir='ltr'><strong>maximae</strong></span> <span class='ocrx_word' id='word_1_164' title='bbox 861 1317 1138 1367; x_wconf 84' lang='lat' dir='ltr'><strong>differentiae</strong></span> <span class='ocrx_word' id='word_1_165' title='bbox 1190 1322 1234 1365; x_wconf 94' lang='lat' dir='ltr'><strong>in</strong></span> <span class='ocrx_word' id='word_1_166' title='bbox 1287 1318 1477 1366; x_wconf 88' lang='lat' dir='ltr'><strong>eandem</strong></span> <span class='ocrx_word' id='word_1_167' title='bbox 1527 1320 1632 1365; x_wconf 91' lang='lat' dir='ltr'><strong>anni</strong></span> <span class='ocrx_word' id='word_1_168' title='bbox 1684 1326 1999 1381; x_wconf 87' lang='lat' dir='ltr'><strong>tempestatem</strong></span> <span class='ocrx_word' id='word_1_169' title='bbox 2049 1319 2271 1374; x_wconf 88' lang='lat' dir='ltr'><strong>incidant,</strong></span> <span class='ocrx_word' id='word_1_170' title='bbox 2323 1319 2596 1367; x_wconf 86' lang='lat' dir='ltr'><strong>incertitudo</strong></span> <span class='ocrx_word' id='word_1_171' title='bbox 2644 1319 2911 1389; x_wconf 54' lang='lat' dir='ltr'><strong>aequatio*</strong></span> 
     </span>
     <span class='ocr_line' id='line_1_14' title="bbox 215 1409 2942 1484; baseline -0.003 -16"><span class='ocrx_word' id='word_1_172' title='bbox 215 1424 384 1483; x_wconf 87' lang='lat' dir='ltr'><strong>primae</strong></span> <span class='ocrx_word' id='word_1_173' title='bbox 418 1419 576 1466; x_wconf 88' lang='lat' dir='ltr'><strong>solaris</strong></span> <span class='ocrx_word' id='word_1_174' title='bbox 600 1417 694 1480; x_wconf 91' lang='lat' dir='ltr'><strong>jam</strong></span> <span class='ocrx_word' id='word_1_175' title='bbox 730 1415 960 1462; x_wconf 87' lang='lat' dir='ltr'><strong>adhibitae</strong></span> <span class='ocrx_word' id='word_1_176' title='bbox 995 1413 1335 1484; x_wconf 84' lang='lat' dir='ltr'><strong>conclusionem</strong></span> <span class='ocrx_word' id='word_1_177' title='bbox 1369 1429 1461 1460; x_wconf 91' lang='lat' dir='ltr'><strong>non</strong></span> <span class='ocrx_word' id='word_1_178' title='bbox 1496 1409 1694 1460; x_wconf 84' lang='lat' dir='ltr'><strong>afficiet:</strong></span> <span class='ocrx_word' id='word_1_179' title='bbox 1735 1428 1872 1475; x_wconf 90' lang='lat' dir='ltr'><strong>quare</strong></span> <span class='ocrx_word' id='word_1_180' title='bbox 1913 1415 1948 1459; x_wconf 92' lang='lat' dir='ltr'><strong>si</strong></span> <span class='ocrx_word' id='word_1_181' title='bbox 1992 1429 2207 1461; x_wconf 88' lang='lat' dir='ltr'><strong>numerus</strong></span> <span class='ocrx_word' id='word_1_182' title='bbox 2240 1414 2606 1461; x_wconf 87' lang='lat' dir='ltr'><strong>observationum</strong></span> <span class='ocrx_word' id='word_1_183' title='bbox 2641 1411 2793 1461; x_wconf 80' lang='lat' dir='ltr'><strong>fuerit</strong></span> <span class='ocrx_word' id='word_1_184' title='bbox 2809 1412 2910 1469; x_wconf 59' lang='lat' dir='ltr'><strong>n·</strong></span> <span class='ocrx_word' id='word_1_185' title='bbox 2938 1465 2942 1478; x_wconf 33' lang='lat'><em>⁶</em></span> 
     </span>
     <span class='ocr_line' id='line_1_15' title="bbox 215 1481 2941 1576; baseline -0.002 -16"><span class='ocrx_word' id='word_1_186' title='bbox 215 1513 417 1576; x_wconf 87' lang='lat' dir='ltr'><strong>grandis,</strong></span> <span class='ocrx_word' id='word_1_187' title='bbox 468 1511 674 1574; x_wconf 82' lang='lat' dir='ltr'><strong>expediet</strong></span> <span class='ocrx_word' id='word_1_188' title='bbox 715 1525 809 1565; x_wconf 84' lang='lat' dir='ltr'><strong>eas</strong></span> <span class='ocrx_word' id='word_1_189' title='bbox 828 1510 957 1556; x_wconf 90' lang='lat' dir='ltr'><strong>binas</strong></span> <span class='ocrx_word' id='word_1_190' title='bbox 990 1512 1200 1555; x_wconf 86' lang='lat' dir='ltr'><strong>maximas</strong></span> <span class='ocrx_word' id='word_1_191' title='bbox 1234 1481 1535 1565; x_wconf 84' lang='lat' dir='ltr'><strong>differentias,</strong></span> <span class='ocrx_word' id='word_1_192' title='bbox 1587 1508 1773 1554; x_wconf 88' lang='lat' dir='ltr'><strong>alteram</strong></span> <span class='ocrx_word' id='word_1_193' title='bbox 1812 1503 2149 1564; x_wconf 82' lang='lat' dir='ltr'><strong>affirmativam,</strong></span> <span class='ocrx_word' id='word_1_194' title='bbox 2200 1509 2386 1555; x_wconf 89' lang='lat' dir='ltr'><strong>alteram</strong></span> <span class='ocrx_word' id='word_1_195' title='bbox 2422 1511 2674 1570; x_wconf 85' lang='lat' dir='ltr'><strong>negativam</strong></span> <span class='ocrx_word' id='word_1_196' title='bbox 2709 1508 2941 1574; x_wconf 47' lang='lat' dir='ltr'><strong>elegi&amp;</strong></span> 
     </span>
     <span class='ocr_line' id='line_1_16' title="bbox 214 1597 2940 1671; baseline -0.002 -16"><span class='ocrx_word' id='word_1_197' title='bbox 214 1623 327 1671; x_wconf 91' lang='lat' dir='ltr'><strong>quae</strong></span> <span class='ocrx_word' id='word_1_198' title='bbox 361 1607 428 1654; x_wconf 86' lang='lat' dir='ltr'><strong>vel</strong></span> <span class='ocrx_word' id='word_1_199' title='bbox 464 1609 508 1652; x_wconf 92' lang='lat' dir='ltr'><strong>in</strong></span> <span class='ocrx_word' id='word_1_200' title='bbox 544 1604 732 1651; x_wconf 86' lang='lat' dir='ltr'><strong>eandem</strong></span> <span class='ocrx_word' id='word_1_201' title='bbox 766 1605 869 1650; x_wconf 88' lang='lat' dir='ltr'><strong>anni</strong></span> <span class='ocrx_word' id='word_1_202' title='bbox 904 1611 1214 1665; x_wconf 87' lang='lat' dir='ltr'><strong>tempestatem</strong></span> <span class='ocrx_word' id='word_1_203' title='bbox 1248 1601 1474 1660; x_wconf 89' lang='lat' dir='ltr'><strong>incidant,</strong></span> <span class='ocrx_word' id='word_1_204' title='bbox 1529 1602 1602 1649; x_wconf 87' lang='lat' dir='ltr'><strong>vel</strong></span> <span class='ocrx_word' id='word_1_205' title='bbox 1643 1602 1799 1648; x_wconf 84' lang='lat' dir='ltr'><strong>saltem</strong></span> <span class='ocrx_word' id='word_1_206' title='bbox 1840 1602 2058 1664; x_wconf 89' lang='lat' dir='ltr'><strong>ejusmodi</strong></span> <span class='ocrx_word' id='word_1_207' title='bbox 2101 1603 2378 1664; x_wconf 87' lang='lat' dir='ltr'><strong>temporibus</strong></span> <span class='ocrx_word' id='word_1_208' title='bbox 2420 1604 2509 1649; x_wconf 91' lang='lat' dir='ltr'><strong>sint</strong></span> <span class='ocrx_word' id='word_1_209' title='bbox 2542 1601 2710 1660; x_wconf 82' lang='lat' dir='ltr'><strong>sactae,</strong></span> <span class='ocrx_word' id='word_1_210' title='bbox 2758 1597 2940 1666; x_wconf 52' lang='lat' dir='ltr'><strong>quib</strong></span> 
     </span>
     <span class='ocr_line' id='line_1_17' title="bbox 213 1695 2910 1764; baseline -0.001 -15"><span class='ocrx_word' id='word_1_211' title='bbox 213 1703 418 1764; x_wconf 88' lang='lat' dir='ltr'><strong>aequatio</strong></span> <span class='ocrx_word' id='word_1_212' title='bbox 453 1700 609 1747; x_wconf 86' lang='lat' dir='ltr'><strong>solaris</strong></span> <span class='ocrx_word' id='word_1_213' title='bbox 643 1700 841 1760; x_wconf 87' lang='lat' dir='ltr'><strong>proxime</strong></span> <span class='ocrx_word' id='word_1_214' title='bbox 877 1696 1010 1744; x_wconf 83' lang='lat' dir='ltr'><strong>fuerit</strong></span> <span class='ocrx_word' id='word_1_215' title='bbox 1044 1697 1223 1744; x_wconf 88' lang='lat' dir='ltr'><strong>eadem.</strong></span> <span class='ocrx_word' id='word_1_216' title='bbox 1259 1704 1313 1743; x_wconf 95' lang='lat' dir='ltr'><strong>ut</strong></span> <span class='ocrx_word' id='word_1_217' title='bbox 1347 1695 1587 1743; x_wconf 91' lang='lat' dir='ltr'><strong>discrimen</strong></span> <span class='ocrx_word' id='word_1_218' title='bbox 1621 1703 1799 1742; x_wconf 88' lang='lat' dir='ltr'><strong>tantum</strong></span> <span class='ocrx_word' id='word_1_219' title='bbox 1826 1698 2059 1758; x_wconf 91' lang='lat' dir='ltr'><strong>utriusque</strong></span> <span class='ocrx_word' id='word_1_220' title='bbox 2085 1699 2365 1759; x_wconf 86' lang='lat' dir='ltr'><strong>aequationis</strong></span> <span class='ocrx_word' id='word_1_221' title='bbox 2398 1698 2596 1744; x_wconf 88' lang='lat' dir='ltr'><strong>solaris’</strong></span> <span class='ocrx_word' id='word_1_222' title='bbox 2584 1713 2629 1745; x_wconf 91' lang='grc' dir='ltr'><strong>ιιι</strong></span> <span class='ocrx_word' id='word_1_223' title='bbox 2657 1701 2910 1761; x_wconf 49' lang='lat' dir='ltr'><strong>compuffi</strong></span> 
     </span>
     <span class='ocr_line' id='line_1_18' title="bbox 215 1783 2937 1861; baseline -0.001 -18"><span class='ocrx_word' id='word_1_224' title='bbox 215 1798 384 1854; x_wconf 84' lang='lat' dir='ltr'><strong>veniat,</strong></span> <span class='ocrx_word' id='word_1_225' title='bbox 425 1793 546 1858; x_wconf 93' lang='lat' dir='ltr'><strong>quod</strong></span> <span class='ocrx_word' id='word_1_226' title='bbox 587 1795 622 1838; x_wconf 90' lang='lat' dir='ltr'><strong>si</strong></span> <span class='ocrx_word' id='word_1_227' title='bbox 662 1790 803 1838; x_wconf 88' lang='lat' dir='ltr'><strong>suerit</strong></span> <span class='ocrx_word' id='word_1_228' title='bbox 843 1807 1050 1854; x_wconf 88' lang='lat' dir='ltr'><strong>parvum,</strong></span> <span class='ocrx_word' id='word_1_229' title='bbox 1095 1806 1186 1837; x_wconf 90' lang='lat' dir='ltr'><strong>non</strong></span> <span class='ocrx_word' id='word_1_230' title='bbox 1227 1786 1452 1847; x_wconf 87' lang='lat' dir='ltr'><strong>differret,</strong></span> <span class='ocrx_word' id='word_1_231' title='bbox 1493 1791 1668 1836; x_wconf 88' lang='lat' dir='ltr'><strong>etiamsi</strong></span> <span class='ocrx_word' id='word_1_232' title='bbox 1709 1791 1896 1836; x_wconf 88' lang='lat' dir='ltr'><strong>maxima</strong></span> <span class='ocrx_word' id='word_1_233' title='bbox 1935 1793 2166 1853; x_wconf 90' lang='lat' dir='ltr'><strong>aequatio</strong></span> <span class='ocrx_word' id='word_1_234' title='bbox 2183 1792 2342 1838; x_wconf 89' lang='lat' dir='ltr'><strong>solaris</strong></span> <span class='ocrx_word' id='word_1_235' title='bbox 2381 1791 2640 1839; x_wconf 86' lang='lat' dir='ltr'><strong>notabiliter</strong></span> <span class='ocrx_word' id='word_1_236' title='bbox 2677 1783 2937 1861; x_wconf 65' lang='grc' dir='ltr'><strong>«31)ὴοπᾴ</strong></span> 
     </span>
     <span class='ocr_line' id='line_1_19' title="bbox 214 1890 2935 1970; baseline -0.001 -34"><span class='ocrx_word' id='word_1_237' title='bbox 214 1905 240 1936; x_wconf 88' lang='grc'><strong>3</strong></span> <span class='ocrx_word' id='word_1_238' title='bbox 277 1890 478 1936; x_wconf 87' lang='lat' dir='ltr'><strong>veritate.</strong></span> <span class='ocrx_word' id='word_1_239' title='bbox 2870 1937 2882 1970; x_wconf 43' lang='lat'><em>5</em></span> <span class='ocrx_word' id='word_1_240' title='bbox 2932 1931 2935 1944; x_wconf 74' lang='lat'>‚</span> 
     </span>
    </p>

    <p class='ocr_par' dir='ltr' id='par_1_4' title="bbox 216 1975 2934 2981">
     <span class='ocr_line' id='line_1_20' title="bbox 347 1975 2934 2065; baseline -0.001 -37"><span class='ocrx_word' id='word_1_241' title='bbox 347 1980 376 2047; x_wconf 85' lang='lat'>§</span> <span class='ocrx_word' id='word_1_242' title='bbox 411 1985 454 2028; x_wconf 87' lang='lat'><strong>7.</strong></span> <span class='ocrx_word' id='word_1_243' title='bbox 508 1981 618 2028; x_wconf 88' lang='lat' dir='ltr'><strong>Cum</strong></span> <span class='ocrx_word' id='word_1_244' title='bbox 654 1989 802 2028; x_wconf 88' lang='lat' dir='ltr'><strong>autem</strong></span> <span class='ocrx_word' id='word_1_245' title='bbox 837 1981 922 2027; x_wconf 89' lang='lat' dir='ltr'><strong>hoc</strong></span> <span class='ocrx_word' id='word_1_246' title='bbox 955 1979 1090 2027; x_wconf 92' lang='lat' dir='ltr'><strong>modo</strong></span> <span class='ocrx_word' id='word_1_247' title='bbox 1125 1980 1252 2026; x_wconf 89' lang='lat' dir='ltr'><strong>binae</strong></span> <span class='ocrx_word' id='word_1_248' title='bbox 1289 1981 1500 2025; x_wconf 84' lang='lat' dir='ltr'><strong>maximae</strong></span> <span class='ocrx_word' id='word_1_249' title='bbox 1537 1975 1815 2025; x_wconf 82' lang='lat' dir='ltr'><strong>differentiae</strong></span> <span class='ocrx_word' id='word_1_250' title='bbox 1851 1980 1968 2025; x_wconf 91' lang='lat' dir='ltr'><strong>inter</strong></span> <span class='ocrx_word' id='word_1_251' title='bbox 2002 1979 2098 2025; x_wconf 91' lang='lat' dir='ltr'><strong>loca</strong></span> <span class='ocrx_word' id='word_1_252' title='bbox 2133 1978 2266 2025; x_wconf 89' lang='lat' dir='ltr'><strong>lunae</strong></span> <span class='ocrx_word' id='word_1_253' title='bbox 2301 1979 2534 2026; x_wconf 85' lang='lat' dir='ltr'><strong>observata</strong></span> <span class='ocrx_word' id='word_1_254' title='bbox 2577 1986 2625 2026; x_wconf 91' lang='lat' dir='ltr'><strong>et</strong></span> <span class='ocrx_word' id='word_1_255' title='bbox 2659 1994 2820 2056; x_wconf 85' lang='lat' dir='ltr'><strong>compu</strong></span> <span class='ocrx_word' id='word_1_256' title='bbox 2852 2014 2934 2065; x_wconf 34' lang='grc' dir='ltr'><strong>,η’</strong></span> 
     </span>
     <span class='ocr_line' id='line_1_21' title="bbox 217 2065 2931 2134; baseline -0.001 -12"><span class='ocrx_word' id='word_1_257' title='bbox 217 2074 386 2122; x_wconf 87' lang='lat' dir='ltr'><strong>fuerint</strong></span> <span class='ocrx_word' id='word_1_258' title='bbox 421 2081 594 2130; x_wconf 89' lang='lat' dir='ltr'><strong>erutae,</strong></span> <span class='ocrx_word' id='word_1_259' title='bbox 630 2073 852 2120; x_wconf 88' lang='lat' dir='ltr'><strong>addantur</strong></span> <span class='ocrx_word' id='word_1_260' title='bbox 883 2073 1040 2119; x_wconf 89' lang='lat' dir='ltr'><strong>ambae</strong></span> <span class='ocrx_word' id='word_1_261' title='bbox 1076 2074 1122 2118; x_wconf 91' lang='lat' dir='ltr'><strong>in</strong></span> <span class='ocrx_word' id='word_1_262' title='bbox 1156 2088 1290 2118; x_wconf 91' lang='lat' dir='ltr'><strong>unam</strong></span> <span class='ocrx_word' id='word_1_263' title='bbox 1326 2065 1571 2129; x_wconf 86' lang='lat' dir='ltr'><strong>summam,</strong></span> <span class='ocrx_word' id='word_1_264' title='bbox 1615 2072 1748 2134; x_wconf 89' lang='lat' dir='ltr'><strong>cujus</strong></span> <span class='ocrx_word' id='word_1_265' title='bbox 1781 2073 1975 2118; x_wconf 89' lang='lat' dir='ltr'><strong>semissis</strong></span> <span class='ocrx_word' id='word_1_266' title='bbox 2008 2071 2272 2133; x_wconf 88' lang='lat' dir='ltr'><strong>aequabitur</strong></span> <span class='ocrx_word' id='word_1_267' title='bbox 2310 2075 2565 2134; x_wconf 88' lang='lat' dir='ltr'><strong>aequationi</strong></span> <span class='ocrx_word' id='word_1_268' title='bbox 2609 2074 2835 2121; x_wconf 80' lang='lat' dir='ltr'><strong>maximae:</strong></span> <span class='ocrx_word' id='word_1_269' title='bbox 2930 2084 2931 2087; x_wconf 76' lang='grc'>’</span> 
     </span>
     <span class='ocr_line' id='line_1_22' title="bbox 217 2153 2931 2236; baseline -0.001 -21"><span class='ocrx_word' id='word_1_270' title='bbox 217 2167 438 2215; x_wconf 87' lang='lat' dir='ltr'><strong>anomalia</strong></span> <span class='ocrx_word' id='word_1_271' title='bbox 473 2167 602 2213; x_wconf 91' lang='lat' dir='ltr'><strong>lunae</strong></span> <span class='ocrx_word' id='word_1_272' title='bbox 629 2165 862 2227; x_wconf 85' lang='lat' dir='ltr'><strong>pendenti,</strong></span> <span class='ocrx_word' id='word_1_273' title='bbox 901 2181 1014 2227; x_wconf 91' lang='lat' dir='ltr'><strong>quae</strong></span> <span class='ocrx_word' id='word_1_274' title='bbox 1049 2166 1083 2211; x_wconf 91' lang='lat' dir='ltr'><strong>si</strong></span> <span class='ocrx_word' id='word_1_275' title='bbox 1119 2162 1257 2211; x_wconf 89' lang='lat' dir='ltr'><strong>fuerit</strong></span> <span class='ocrx_word' id='word_1_276' title='bbox 1291 2163 1343 2211; x_wconf 87' lang='lat'><strong>5⁰</strong></span> <span class='ocrx_word' id='word_1_277' title='bbox 1367 2160 1410 2211; x_wconf 85' lang='lat'><strong>1&#39;</strong></span> <span class='ocrx_word' id='word_1_278' title='bbox 1428 2158 1540 2222; x_wconf 52' lang='lat' dir='ltr'><strong>Min,</strong></span> <span class='ocrx_word' id='word_1_279' title='bbox 1574 2164 1751 2211; x_wconf 88' lang='lat' dir='ltr'><strong>tabulae</strong></span> <span class='ocrx_word' id='word_1_280' title='bbox 1778 2180 1900 2211; x_wconf 86' lang='lat' dir='ltr'><strong>meae</strong></span> <span class='ocrx_word' id='word_1_281' title='bbox 1929 2166 2264 2212; x_wconf 89' lang='lat' dir='ltr'><strong>correctionum</strong></span> <span class='ocrx_word' id='word_1_282' title='bbox 2292 2164 2334 2222; x_wconf 88' lang='lat'><strong>1,</strong></span> <span class='ocrx_word' id='word_1_283' title='bbox 2361 2164 2426 2212; x_wconf 83' lang='lat' dir='ltr'><strong>lv</strong></span> <span class='ocrx_word' id='word_1_284' title='bbox 2452 2173 2497 2212; x_wconf 95' lang='lat' dir='ltr'><strong>et</strong></span> <span class='ocrx_word' id='word_1_285' title='bbox 2523 2167 2563 2213; x_wconf 86' lang='lat' dir='ltr'>V</span> <span class='ocrx_word' id='word_1_286' title='bbox 2589 2173 2722 2212; x_wconf 90' lang='lat' dir='ltr'><strong>erunt</strong></span> <span class='ocrx_word' id='word_1_287' title='bbox 2745 2180 2798 2213; x_wconf 87' lang='lat' dir='ltr'><strong>ve</strong></span> <span class='ocrx_word' id='word_1_288' title='bbox 2825 2165 2835 2179; x_wconf 82' lang='lat'>&#39;</span> <span class='ocrx_word' id='word_1_289' title='bbox 2855 2153 2873 2175; x_wconf 51' lang='lat'>⁹</span> <span class='ocrx_word' id='word_1_290' title='bbox 2896 2203 2931 2236; x_wconf 16' lang='grc' dir='ltr'><strong>Α,</strong></span> 
     </span>
     <span class='ocr_line' id='line_1_23' title="bbox 217 2236 2930 2323; baseline -0.001 -13"><span class='ocrx_word' id='word_1_291' title='bbox 217 2261 495 2310; x_wconf 83' lang='lat' dir='ltr'><strong>conformes:</strong></span> <span class='ocrx_word' id='word_1_292' title='bbox 531 2263 565 2307; x_wconf 91' lang='lat' dir='ltr'><strong>si</strong></span> <span class='ocrx_word' id='word_1_293' title='bbox 601 2260 781 2323; x_wconf 88' lang='lat' dir='ltr'><strong>quidem</strong></span> <span class='ocrx_word' id='word_1_294' title='bbox 818 2263 998 2322; x_wconf 89' lang='lat' dir='ltr'><strong>utrique</strong></span> <span class='ocrx_word' id='word_1_295' title='bbox 1033 2261 1138 2308; x_wconf 87' lang='lat' dir='ltr'><strong>loco</strong></span> <span class='ocrx_word' id='word_1_296' title='bbox 1173 2261 1359 2306; x_wconf 85' lang='lat' dir='ltr'><strong>maxima</strong></span> <span class='ocrx_word' id='word_1_297' title='bbox 1393 2261 1602 2323; x_wconf 88' lang='lat' dir='ltr'><strong>aequatio</strong></span> <span class='ocrx_word' id='word_1_298' title='bbox 1636 2258 1928 2322; x_wconf 89' lang='lat' dir='ltr'><strong>respondeat;</strong></span> <span class='ocrx_word' id='word_1_299' title='bbox 1963 2261 2031 2305; x_wconf 90' lang='lat' dir='ltr'><strong>sin</strong></span> <span class='ocrx_word' id='word_1_300' title='bbox 2065 2236 2215 2307; x_wconf 68' lang='lat' dir='ltr'><strong>autem</strong></span> <span class='ocrx_word' id='word_1_301' title='bbox 2250 2261 2352 2314; x_wconf 85' lang='lat' dir='ltr'><strong>luna</strong></span> <span class='ocrx_word' id='word_1_302' title='bbox 2387 2261 2716 2323; x_wconf 87' lang='lat' dir='ltr'><strong>aliquantillum</strong></span> <span class='ocrx_word' id='word_1_303' title='bbox 2756 2259 2869 2308; x_wconf 74' lang='grc' dir='ltr'><strong>31ιῖ</strong></span> <span class='ocrx_word' id='word_1_304' title='bbox 2906 2245 2930 2265; x_wconf 54' lang='lat'><strong>²</strong></span> 
     </span>
     <span class='ocr_line' id='line_1_24' title="bbox 217 2294 2930 2417; baseline -0 -16"><span class='ocrx_word' id='word_1_305' title='bbox 217 2357 399 2417; x_wconf 87' lang='lat' dir='ltr'><strong>punctis</strong></span> <span class='ocrx_word' id='word_1_306' title='bbox 451 2352 664 2410; x_wconf 83' lang='lat' dir='ltr'><strong>abfuerit,</strong></span> <span class='ocrx_word' id='word_1_307' title='bbox 718 2362 813 2400; x_wconf 84' lang='lat' dir='ltr'><strong>tum</strong></span> <span class='ocrx_word' id='word_1_308' title='bbox 857 2353 930 2400; x_wconf 89' lang='lat' dir='ltr'><strong>illa</strong></span> <span class='ocrx_word' id='word_1_309' title='bbox 982 2348 1342 2399; x_wconf 85' lang='lat' dir='ltr'><strong>differentiarum</strong></span> <span class='ocrx_word' id='word_1_310' title='bbox 1386 2354 1671 2399; x_wconf 89' lang='lat' dir='ltr'><strong>semisumma</strong></span> <span class='ocrx_word' id='word_1_311' title='bbox 1713 2353 1945 2414; x_wconf 89' lang='lat' dir='ltr'><strong>aliquanto</strong></span> <span class='ocrx_word' id='word_1_312' title='bbox 1986 2354 2129 2399; x_wconf 90' lang='lat' dir='ltr'><strong>minor</strong></span> <span class='ocrx_word' id='word_1_313' title='bbox 2169 2355 2256 2400; x_wconf 89' lang='lat' dir='ltr'><strong>erit</strong></span> <span class='ocrx_word' id='word_1_314' title='bbox 2296 2369 2429 2416; x_wconf 92' lang='lat' dir='ltr'><strong>quam</strong></span> <span class='ocrx_word' id='word_1_315' title='bbox 2470 2355 2678 2416; x_wconf 89' lang='lat' dir='ltr'><strong>aequatio</strong></span> <span class='ocrx_word' id='word_1_316' title='bbox 2719 2369 2788 2400; x_wconf 90' lang='lat' dir='ltr'><strong>ma</strong></span> <span class='ocrx_word' id='word_1_317' title='bbox 2925 2294 2930 2372; x_wconf 62' lang='grc' dir='ltr'>Ι</span> 
     </span>
     <span class='ocr_line' id='line_1_25' title="bbox 216 2424 2788 2511; baseline -0.001 -16"><span class='ocrx_word' id='word_1_318' title='bbox 216 2465 268 2495; x_wconf 90' lang='lat' dir='ltr'><strong>ex</strong></span> <span class='ocrx_word' id='word_1_319' title='bbox 303 2465 393 2511; x_wconf 93' lang='lat' dir='ltr'><strong>quo</strong></span> <span class='ocrx_word' id='word_1_320' title='bbox 426 2446 558 2495; x_wconf 87' lang='lat' dir='ltr'><strong>facile</strong></span> <span class='ocrx_word' id='word_1_321' title='bbox 595 2465 682 2495; x_wconf 93' lang='lat' dir='ltr'><strong>usu</strong></span> <span class='ocrx_word' id='word_1_322' title='bbox 718 2450 869 2494; x_wconf 89' lang='lat' dir='ltr'><strong>venire</strong></span> <span class='ocrx_word' id='word_1_323' title='bbox 904 2454 1073 2509; x_wconf 91' lang='lat' dir='ltr'><strong>potest,</strong></span> <span class='ocrx_word' id='word_1_324' title='bbox 1125 2454 1179 2494; x_wconf 91' lang='lat' dir='ltr'><strong>ut</strong></span> <span class='ocrx_word' id='word_1_325' title='bbox 1219 2449 1429 2509; x_wconf 89' lang='lat' dir='ltr'><strong>aequatio</strong></span> <span class='ocrx_word' id='word_1_326' title='bbox 1463 2448 1651 2493; x_wconf 87' lang='lat' dir='ltr'><strong>maxima</strong></span> <span class='ocrx_word' id='word_1_327' title='bbox 1687 2424 1860 2508; x_wconf 89' lang='lat' dir='ltr'><strong>aliquot</strong></span> <span class='ocrx_word' id='word_1_328' title='bbox 1895 2448 2076 2494; x_wconf 89' lang='lat' dir='ltr'><strong>minutis</strong></span> <span class='ocrx_word' id='word_1_329' title='bbox 2110 2446 2321 2494; x_wconf 86' lang='lat' dir='ltr'><strong>secundis</strong></span> <span class='ocrx_word' id='word_1_330' title='bbox 2355 2447 2497 2511; x_wconf 88' lang='lat' dir='ltr'><strong>major</strong></span> <span class='ocrx_word' id='word_1_331' title='bbox 2529 2450 2607 2505; x_wconf 90' lang='lat' dir='ltr'><strong>sit,</strong></span> <span class='ocrx_word' id='word_1_332' title='bbox 2659 2463 2788 2511; x_wconf 86' lang='lat' dir='ltr'><strong>quam</strong></span> 
     </span>
     <span class='ocr_line' id='line_1_26' title="bbox 220 2517 2924 2605; baseline 0 -15"><span class='ocrx_word' id='word_1_333' title='bbox 220 2543 352 2590; x_wconf 90' lang='lat' dir='ltr'><strong>modo</strong></span> <span class='ocrx_word' id='word_1_334' title='bbox 389 2543 558 2605; x_wconf 89' lang='lat' dir='ltr'><strong>prodit;</strong></span> <span class='ocrx_word' id='word_1_335' title='bbox 594 2539 689 2589; x_wconf 79' lang='lat' dir='ltr'><strong>fieri</strong></span> <span class='ocrx_word' id='word_1_336' title='bbox 725 2550 874 2588; x_wconf 83' lang='lat' dir='ltr'><strong>autem</strong></span> <span class='ocrx_word' id='word_1_337' title='bbox 911 2544 1084 2604; x_wconf 91' lang='lat' dir='ltr'><strong>nequit,</strong></span> <span class='ocrx_word' id='word_1_338' title='bbox 1122 2549 1172 2589; x_wconf 89' lang='lat' dir='ltr'><strong>ut</strong></span> <span class='ocrx_word' id='word_1_339' title='bbox 1207 2544 1266 2588; x_wconf 89' lang='lat' dir='ltr'><strong>sit</strong></span> <span class='ocrx_word' id='word_1_340' title='bbox 1300 2543 1462 2588; x_wconf 87' lang='lat' dir='ltr'><strong>minor.</strong></span> <span class='ocrx_word' id='word_1_341' title='bbox 1520 2541 1657 2589; x_wconf 89' lang='lat' dir='ltr'><strong>Error</strong></span> <span class='ocrx_word' id='word_1_342' title='bbox 1690 2548 1839 2587; x_wconf 90' lang='lat' dir='ltr'><strong>tamen</strong></span> <span class='ocrx_word' id='word_1_343' title='bbox 1874 2541 1995 2587; x_wconf 86' lang='lat' dir='ltr'><strong>ultra</strong></span> <span class='ocrx_word' id='word_1_344' title='bbox 2029 2542 2201 2604; x_wconf 90' lang='lat' dir='ltr'><strong>aliquot</strong></span> <span class='ocrx_word' id='word_1_345' title='bbox 2236 2544 2408 2589; x_wconf 87' lang='lat' dir='ltr'><strong>minuta</strong></span> <span class='ocrx_word' id='word_1_346' title='bbox 2443 2542 2639 2589; x_wconf 90' lang='lat' dir='ltr'><strong>secunda</strong></span> <span class='ocrx_word' id='word_1_347' title='bbox 2681 2559 2795 2602; x_wconf 31' lang='lat' dir='ltr'><strong>exsu,</strong></span> <span class='ocrx_word' id='word_1_348' title='bbox 2851 2534 2855 2543; x_wconf 56' lang='grc'><strong>“</strong></span> <span class='ocrx_word' id='word_1_349' title='bbox 2902 2517 2924 2545; x_wconf 54' lang='lat'><em>¹</em></span> 
     </span>
     <span class='ocr_line' id='line_1_27' title="bbox 219 2636 2873 2700; baseline 0 -16"><span class='ocrx_word' id='word_1_350' title='bbox 219 2641 389 2700; x_wconf 87' lang='lat' dir='ltr'><strong>nequit.</strong></span> <span class='ocrx_word' id='word_1_351' title='bbox 461 2639 661 2699; x_wconf 88' lang='lat' dir='ltr'><strong>llincque</strong></span> <span class='ocrx_word' id='word_1_352' title='bbox 705 2639 742 2683; x_wconf 89' lang='lat' dir='ltr'><strong>si</strong></span> <span class='ocrx_word' id='word_1_353' title='bbox 779 2636 837 2682; x_wconf 87' lang='lat' dir='ltr'><strong>ad</strong></span> <span class='ocrx_word' id='word_1_354' title='bbox 878 2637 998 2682; x_wconf 91' lang='lat' dir='ltr'><strong>illam</strong></span> <span class='ocrx_word' id='word_1_355' title='bbox 1042 2638 1368 2683; x_wconf 91' lang='lat' dir='ltr'><strong>semisummam</strong></span> <span class='ocrx_word' id='word_1_356' title='bbox 1411 2637 1581 2698; x_wconf 90' lang='lat' dir='ltr'><strong>aliquot</strong></span> <span class='ocrx_word' id='word_1_357' title='bbox 1615 2638 1789 2682; x_wconf 88' lang='lat' dir='ltr'><strong>minuta</strong></span> <span class='ocrx_word' id='word_1_358' title='bbox 1823 2636 2020 2682; x_wconf 90' lang='lat' dir='ltr'><strong>secunda</strong></span> <span class='ocrx_word' id='word_1_359' title='bbox 2061 2636 2303 2694; x_wconf 87' lang='lat' dir='ltr'><strong>addantur,</strong></span> <span class='ocrx_word' id='word_1_360' title='bbox 2356 2640 2563 2699; x_wconf 89' lang='lat' dir='ltr'><strong>aequatio</strong></span> <span class='ocrx_word' id='word_1_361' title='bbox 2597 2640 2781 2686; x_wconf 86' lang='lat' dir='ltr'><strong>maxima</strong></span> <span class='ocrx_word' id='word_1_362' title='bbox 2820 2659 2827 2678; x_wconf 77' lang='lat'><strong>.-</strong></span> <span class='ocrx_word' id='word_1_363' title='bbox 2863 2689 2873 2694; x_wconf 54' lang='grc'><strong>,,</strong></span> 
     </span>
     <span class='ocr_line' id='line_1_28' title="bbox 219 2721 2897 2791; baseline 0.001 -15"><span class='ocrx_word' id='word_1_364' title='bbox 219 2739 372 2778; x_wconf 82' lang='lat' dir='ltr'><strong>exacte</strong></span> <span class='ocrx_word' id='word_1_365' title='bbox 420 2733 505 2776; x_wconf 90' lang='lat' dir='ltr'><strong>erit</strong></span> <span class='ocrx_word' id='word_1_366' title='bbox 544 2732 749 2791; x_wconf 89' lang='lat' dir='ltr'><strong>cognita:</strong></span> <span class='ocrx_word' id='word_1_367' title='bbox 801 2744 914 2791; x_wconf 89' lang='lat' dir='ltr'><strong>quae</strong></span> <span class='ocrx_word' id='word_1_368' title='bbox 955 2730 990 2774; x_wconf 89' lang='lat' dir='ltr'><strong>si</strong></span> <span class='ocrx_word' id='word_1_369' title='bbox 1033 2728 1263 2791; x_wconf 86' lang='lat' dir='ltr'><strong>discrepet</strong></span> <span class='ocrx_word' id='word_1_370' title='bbox 1301 2743 1326 2774; x_wconf 91' lang='lat' dir='ltr'><strong>a</strong></span> <span class='ocrx_word' id='word_1_371' title='bbox 1367 2736 1519 2775; x_wconf 84' lang='lat' dir='ltr'><strong>nostra</strong></span> <span class='ocrx_word' id='word_1_372' title='bbox 1566 2727 1616 2775; x_wconf 90' lang='lat'><strong>5⁰</strong></span> <span class='ocrx_word' id='word_1_373' title='bbox 1643 2721 1811 2786; x_wconf 57' lang='lat'><strong>1&#39;1210&#39;2</strong></span> <span class='ocrx_word' id='word_1_374' title='bbox 1863 2726 1992 2775; x_wconf 78' lang='lat' dir='ltr'><strong>facile</strong></span> <span class='ocrx_word' id='word_1_375' title='bbox 2035 2730 2120 2774; x_wconf 90' lang='lat' dir='ltr'><strong>erit</strong></span> <span class='ocrx_word' id='word_1_376' title='bbox 2168 2730 2344 2776; x_wconf 87' lang='lat' dir='ltr'><strong>tabulas</strong></span> <span class='ocrx_word' id='word_1_377' title='bbox 2382 2737 2556 2777; x_wconf 90' lang='lat' dir='ltr'><strong>nostras</strong></span> <span class='ocrx_word' id='word_1_378' title='bbox 2608 2730 2651 2788; x_wconf 92' lang='lat'><strong>1,</strong></span> <span class='ocrx_word' id='word_1_379' title='bbox 2693 2729 2758 2778; x_wconf 87' lang='lat' dir='ltr'><strong>lv</strong></span> <span class='ocrx_word' id='word_1_380' title='bbox 2797 2737 2845 2779; x_wconf 87' lang='lat' dir='ltr'><strong>et</strong></span> <span class='ocrx_word' id='word_1_381' title='bbox 2895 2735 2897 2740; x_wconf 58' lang='lat'><strong><em>⁴</em></strong></span> 
     </span>
     <span class='ocr_line' id='line_1_29' title="bbox 220 2730 2920 2951; baseline -0.001 -81"><span class='ocrx_word' id='word_1_382' title='bbox 220 2824 479 2878; x_wconf 89' lang='lat' dir='ltr'><strong>emendare,</strong></span> <span class='ocrx_word' id='word_1_383' title='bbox 515 2838 679 2884; x_wconf 88' lang='lat' dir='ltr'><strong>easque</strong></span> <span class='ocrx_word' id='word_1_384' title='bbox 714 2822 922 2868; x_wconf 91' lang='lat' dir='ltr'><strong>omnibus</strong></span> <span class='ocrx_word' id='word_1_385' title='bbox 955 2823 1151 2868; x_wconf 91' lang='lat' dir='ltr'><strong>numeris</strong></span> <span class='ocrx_word' id='word_1_386' title='bbox 1187 2819 1416 2868; x_wconf 87' lang='lat' dir='ltr'><strong>absolutas</strong></span> <span class='ocrx_word' id='word_1_387' title='bbox 1448 2817 1646 2867; x_wconf 84' lang='lat' dir='ltr'><strong>efficere.</strong></span> <span class='ocrx_word' id='word_1_388' title='bbox 2832 2730 2920 2951; x_wconf 46' lang='lat' dir='ltr'><strong>a!</strong></span> 
     </span>
     <span class='ocr_line' id='line_1_30' title="bbox 352 2910 2861 2981; baseline 0.001 -17"><span class='ocrx_word' id='word_1_389' title='bbox 352 2915 381 2981; x_wconf 78' lang='lat'>§</span> <span class='ocrx_word' id='word_1_390' title='bbox 416 2921 461 2964; x_wconf 88' lang='lat'><strong>8.</strong></span> <span class='ocrx_word' id='word_1_391' title='bbox 494 2917 697 2964; x_wconf 75' lang='lat' dir='ltr'><strong>,Inventa</strong></span> <span class='ocrx_word' id='word_1_392' title='bbox 741 2924 890 2962; x_wconf 86' lang='lat' dir='ltr'><strong>autem</strong></span> <span class='ocrx_word' id='word_1_393' title='bbox 933 2917 1199 2978; x_wconf 88' lang='lat' dir='ltr'><strong>aequatione</strong></span> <span class='ocrx_word' id='word_1_394' title='bbox 1243 2917 1456 2971; x_wconf 89' lang='lat' dir='ltr'><strong>maxima,</strong></span> <span class='ocrx_word' id='word_1_395' title='bbox 1507 2917 1609 2977; x_wconf 90' lang='lat' dir='ltr'><strong>quia</strong></span> <span class='ocrx_word' id='word_1_396' title='bbox 1652 2931 1703 2962; x_wconf 91' lang='lat' dir='ltr'><strong>ea</strong></span> <span class='ocrx_word' id='word_1_397' title='bbox 1751 2917 1866 2962; x_wconf 88' lang='lat' dir='ltr'><strong>binis</strong></span> <span class='ocrx_word' id='word_1_398' title='bbox 1901 2917 1988 2963; x_wconf 91' lang='lat' dir='ltr'><strong>illis</strong></span> <span class='ocrx_word' id='word_1_399' title='bbox 2030 2917 2436 2976; x_wconf 83' lang='lat' dir='ltr'><strong>observationibus,</strong></span> <span class='ocrx_word' id='word_1_400' title='bbox 2487 2919 2648 2980; x_wconf 88' lang='lat' dir='ltr'><strong>quibus</strong></span> <span class='ocrx_word' id='word_1_401' title='bbox 2683 2910 2861 2966; x_wconf 62' lang='lat' dir='ltr'><strong>maxims</strong></span> 
     </span>
    </p>
   </div>
   <div class='ocr_carea' id='block_1_3' title="bbox 2854 2964 2923 3032">
    <p class='ocr_par' dir='ltr' id='par_1_5' title="bbox 2854 2948 2925 3032">
     <span class='ocr_line' id='line_1_31' title="bbox 2854 2964 2923 3032; baseline 0 -48"><span class='ocrx_word' id='word_1_402' title='bbox 2854 2964 2923 3032; x_wconf 46' lang='grc' dir='ltr'>Ι</span> 
     </span>
    </p>
   </div>
   <div class='ocr_carea' id='block_1_4' title="bbox 222 3007 2914 3105">
    <p class='ocr_par' dir='ltr' id='par_1_6' title="bbox 222 3007 2914 3105">
     <span class='ocr_line' id='line_1_32' title="bbox 222 3007 2914 3105; baseline 0.001 -49"><span class='ocrx_word' id='word_1_403' title='bbox 222 3011 460 3056; x_wconf 90' lang='lat' dir='ltr'><strong>discrimen</strong></span> <span class='ocrx_word' id='word_1_404' title='bbox 496 3017 565 3056; x_wconf 92' lang='lat' dir='ltr'><strong>est</strong></span> <span class='ocrx_word' id='word_1_405' title='bbox 599 3009 949 3071; x_wconf 90' lang='lat' dir='ltr'><strong>deprehensum,</strong></span> <span class='ocrx_word' id='word_1_406' title='bbox 993 3010 1230 3055; x_wconf 79' lang='lat' dir='ltr'><strong>convenire</strong></span> <span class='ocrx_word' id='word_1_407' title='bbox 1273 3007 1426 3065; x_wconf 90' lang='lat' dir='ltr'><strong>debet,</strong></span> <span class='ocrx_word' id='word_1_408' title='bbox 1481 3010 1516 3054; x_wconf 91' lang='lat' dir='ltr'><strong>si</strong></span> <span class='ocrx_word' id='word_1_409' title='bbox 1559 3025 1611 3055; x_wconf 87' lang='lat' dir='ltr'><strong>ea</strong></span> <span class='ocrx_word' id='word_1_410' title='bbox 1652 3011 1696 3054; x_wconf 89' lang='lat' dir='ltr'><strong>in</strong></span> <span class='ocrx_word' id='word_1_411' title='bbox 1737 3010 1876 3056; x_wconf 89' lang='lat' dir='ltr'><strong>altera</strong></span> <span class='ocrx_word' id='word_1_412' title='bbox 1918 3009 2127 3066; x_wconf 89' lang='lat' dir='ltr'><strong>addatur,</strong></span> <span class='ocrx_word' id='word_1_413' title='bbox 2182 3012 2227 3056; x_wconf 92' lang='lat' dir='ltr'><strong>in</strong></span> <span class='ocrx_word' id='word_1_414' title='bbox 2259 3010 2400 3057; x_wconf 88' lang='lat' dir='ltr'><strong>altera</strong></span> <span class='ocrx_word' id='word_1_415' title='bbox 2433 3011 2725 3060; x_wconf 88' lang='lat' dir='ltr'><strong>subtrahatur</strong></span> <span class='ocrx_word' id='word_1_416' title='bbox 2754 3011 2847 3059; x_wconf 85' lang='grc'><strong>31</strong></span> <span class='ocrx_word' id='word_1_417' title='bbox 2899 3041 2914 3105; x_wconf 22' lang='lat' dir='ltr'><strong>*l</strong></span> 
     </span>
    </p>
   </div>
   <div class='ocr_carea' id='block_1_5' title="bbox 224 3100 2901 3164">
    <p class='ocr_par' dir='ltr' id='par_1_7' title="bbox 224 3100 2901 3164">
     <span class='ocr_line' id='line_1_33' title="bbox 224 3100 2901 3164; baseline -0 -15"><span class='ocrx_word' id='word_1_418' title='bbox 224 3103 355 3149; x_wconf 90' lang='lat' dir='ltr'><strong>lunae</strong></span> <span class='ocrx_word' id='word_1_419' title='bbox 391 3110 674 3164; x_wconf 88' lang='lat' dir='ltr'><strong>computato,</strong></span> <span class='ocrx_word' id='word_1_420' title='bbox 713 3104 805 3164; x_wconf 91' lang='lat' dir='ltr'><strong>ipse</strong></span> <span class='ocrx_word' id='word_1_421' title='bbox 842 3102 971 3149; x_wconf 92' lang='lat' dir='ltr'><strong>locus</strong></span> <span class='ocrx_word' id='word_1_422' title='bbox 1004 3101 1270 3148; x_wconf 89' lang='lat' dir='ltr'><strong>observatus</strong></span> <span class='ocrx_word' id='word_1_423' title='bbox 1303 3101 1519 3148; x_wconf 90' lang='lat' dir='ltr'><strong>resultare</strong></span> <span class='ocrx_word' id='word_1_424' title='bbox 1554 3100 1735 3148; x_wconf 91' lang='lat' dir='ltr'><strong>debebit</strong></span> <span class='ocrx_word' id='word_1_425' title='bbox 1769 3105 1992 3164; x_wconf 85' lang='lat' dir='ltr'><strong>utrinque.</strong></span> <span class='ocrx_word' id='word_1_426' title='bbox 2060 3101 2226 3158; x_wconf 91' lang='lat' dir='ltr'><strong>Quodsi</strong></span> <span class='ocrx_word' id='word_1_427' title='bbox 2267 3118 2396 3150; x_wconf 90' lang='lat' dir='ltr'><strong>secus</strong></span> <span class='ocrx_word' id='word_1_428' title='bbox 2428 3106 2625 3160; x_wconf 90' lang='lat' dir='ltr'><strong>eveniat,</strong></span> <span class='ocrx_word' id='word_1_429' title='bbox 2667 3105 2712 3152; x_wconf 90' lang='lat' dir='ltr'><strong>id</strong></span> <span class='ocrx_word' id='word_1_430' title='bbox 2753 3103 2863 3159; x_wconf 54' lang='lat' dir='ltr'><strong>indi5</strong></span> <span class='ocrx_word' id='word_1_431' title='bbox 2885 3125 2901 3148; x_wconf 76' lang='grc' dir='ltr'><strong>,ι</strong></span> 
     </span>
    </p>
   </div>
   <div class='ocr_carea' id='block_1_6' title="bbox 2877 3148 2912 3311">
    <p class='ocr_par' dir='ltr' id='par_1_8' title="bbox 2877 3148 2918 3319">
     <span class='ocr_line' id='line_1_34' title="bbox 2877 3148 2912 3311; baseline 0 8"><span class='ocrx_word' id='word_1_432' title='bbox 2877 3148 2912 3311; x_wconf 70' lang='lat' dir='ltr'><strong>l</strong></span> 
     </span>
    </p>
   </div>
   <div class='ocr_carea' id='block_1_7' title="bbox 226 3288 2910 3352">
    <p class='ocr_par' dir='ltr' id='par_1_9' title="bbox 226 3288 2910 3352">
     <span class='ocr_line' id='line_1_35' title="bbox 226 3288 2910 3352; baseline 0.001 -15"><span class='ocrx_word' id='word_1_433' title='bbox 226 3292 356 3337; x_wconf 89' lang='lat' dir='ltr'><strong>lunae</strong></span> <span class='ocrx_word' id='word_1_434' title='bbox 392 3290 520 3336; x_wconf 89' lang='lat' dir='ltr'><strong>locus</strong></span> <span class='ocrx_word' id='word_1_435' title='bbox 562 3290 732 3336; x_wconf 89' lang='lat' dir='ltr'><strong>medius</strong></span> <span class='ocrx_word' id='word_1_436' title='bbox 776 3293 1042 3337; x_wconf 89' lang='lat' dir='ltr'><strong>innotescat.</strong></span> <span class='ocrx_word' id='word_1_437' title='bbox 1113 3290 1222 3336; x_wconf 91' lang='lat' dir='ltr'><strong>Cum</strong></span> <span class='ocrx_word' id='word_1_438' title='bbox 1266 3292 1406 3351; x_wconf 88' lang='lat' dir='ltr'><strong>igitur</strong></span> <span class='ocrx_word' id='word_1_439' title='bbox 1449 3297 1623 3337; x_wconf 91' lang='lat' dir='ltr'><strong>motum</strong></span> <span class='ocrx_word' id='word_1_440' title='bbox 1661 3288 1860 3337; x_wconf 88' lang='lat' dir='ltr'><strong>medium</strong></span> <span class='ocrx_word' id='word_1_441' title='bbox 1903 3293 2137 3352; x_wconf 89' lang='lat' dir='ltr'><strong>cognitum</strong></span> <span class='ocrx_word' id='word_1_442' title='bbox 2181 3306 2483 3348; x_wconf 88' lang='lat' dir='ltr'><strong>assumamus,</strong></span> <span class='ocrx_word' id='word_1_443' title='bbox 2535 3293 2694 3339; x_wconf 88' lang='lat' dir='ltr'><strong>saltem</strong></span> <span class='ocrx_word' id='word_1_444' title='bbox 2737 3291 2845 3340; x_wconf 71' lang='lat' dir='ltr'><strong>ad,</strong></span> <span class='ocrx_word' id='word_1_445' title='bbox 2905 3326 2910 3346; x_wconf 49' lang='lat'><em>2</em></span> 
     </span>
    </p>
   </div>
   <div class='ocr_carea' id='block_1_8' title="bbox 179 3194 2810 3259">
    <p class='ocr_par' dir='ltr' id='par_1_10' title="bbox 179 3194 2810 3259">
     <span class='ocr_line' id='line_1_36' title="bbox 179 3194 2810 3259; baseline 0.002 -17"><span class='ocrx_word' id='word_1_446' title='bbox 179 3213 183 3223; x_wconf 84' lang='lat'><strong><em>¹</em></strong></span> <span class='ocrx_word' id='word_1_447' title='bbox 225 3198 310 3243; x_wconf 89' lang='lat' dir='ltr'><strong>erit</strong></span> <span class='ocrx_word' id='word_1_448' title='bbox 344 3197 449 3242; x_wconf 73' lang='lat' dir='ltr'><strong>loca</strong></span> <span class='ocrx_word' id='word_1_449' title='bbox 474 3197 604 3242; x_wconf 86' lang='lat' dir='ltr'><strong>lunae</strong></span> <span class='ocrx_word' id='word_1_450' title='bbox 639 3196 782 3242; x_wconf 89' lang='lat' dir='ltr'><strong>media</strong></span> <span class='ocrx_word' id='word_1_451' title='bbox 819 3196 910 3243; x_wconf 90' lang='lat' dir='ltr'><strong>non</strong></span> <span class='ocrx_word' id='word_1_452' title='bbox 946 3203 1071 3242; x_wconf 90' lang='lat' dir='ltr'><strong>recte</strong></span> <span class='ocrx_word' id='word_1_453' title='bbox 1105 3194 1241 3243; x_wconf 87' lang='lat' dir='ltr'><strong>fuisse</strong></span> <span class='ocrx_word' id='word_1_454' title='bbox 1275 3203 1493 3253; x_wconf 88' lang='lat' dir='ltr'><strong>assumta,</strong></span> <span class='ocrx_word' id='word_1_455' title='bbox 1530 3195 1726 3258; x_wconf 89' lang='lat' dir='ltr'><strong>hincque</strong></span> <span class='ocrx_word' id='word_1_456' title='bbox 1753 3211 1885 3244; x_wconf 88' lang='lat' dir='ltr'><strong>error</strong></span> <span class='ocrx_word' id='word_1_457' title='bbox 1908 3198 2072 3258; x_wconf 88' lang='lat' dir='ltr'><strong>corrigi</strong></span> <span class='ocrx_word' id='word_1_458' title='bbox 2109 3199 2293 3259; x_wconf 88' lang='lat' dir='ltr'><strong>poterit;</strong></span> <span class='ocrx_word' id='word_1_459' title='bbox 2329 3198 2391 3243; x_wconf 90' lang='lat' dir='ltr'><strong>ita</strong></span> <span class='ocrx_word' id='word_1_460' title='bbox 2420 3206 2472 3244; x_wconf 91' lang='lat' dir='ltr'><strong>ut</strong></span> <span class='ocrx_word' id='word_1_461' title='bbox 2497 3198 2555 3244; x_wconf 90' lang='lat' dir='ltr'><strong>ad</strong></span> <span class='ocrx_word' id='word_1_462' title='bbox 2580 3198 2694 3246; x_wconf 87' lang='lat' dir='ltr'><strong>haec</strong></span> <span class='ocrx_word' id='word_1_463' title='bbox 2719 3202 2810 3246; x_wconf 88' lang='lat' dir='ltr'><strong>tem</strong></span> 
     </span>
    </p>
   </div>
   <div class='ocr_carea' id='block_1_9' title="bbox 227 3370 2914 3734">
    <p class='ocr_par' dir='ltr' id='par_1_11' title="bbox 227 3358 2915 3742">
     <span class='ocr_line' id='line_1_37' title="bbox 227 3370 2914 3456; baseline 0.002 -27"><span class='ocrx_word' id='word_1_464' title='bbox 227 3386 357 3430; x_wconf 91' lang='lat' dir='ltr'><strong>nimis</strong></span> <span class='ocrx_word' id='word_1_465' title='bbox 390 3398 601 3445; x_wconf 89' lang='lat' dir='ltr'><strong>magnum</strong></span> <span class='ocrx_word' id='word_1_466' title='bbox 637 3370 848 3445; x_wconf 79' lang='lat' dir='ltr'><strong>temporis</strong></span> <span class='ocrx_word' id='word_1_467' title='bbox 884 3385 1188 3441; x_wconf 89' lang='lat' dir='ltr'><strong>intervallum,</strong></span> <span class='ocrx_word' id='word_1_468' title='bbox 1224 3385 1313 3431; x_wconf 90' lang='lat' dir='ltr'><strong>hoc</strong></span> <span class='ocrx_word' id='word_1_469' title='bbox 1343 3384 1474 3430; x_wconf 90' lang='lat' dir='ltr'><strong>modo</strong></span> <span class='ocrx_word' id='word_1_470' title='bbox 1508 3385 1605 3430; x_wconf 91' lang='lat' dir='ltr'><strong>loca</strong></span> <span class='ocrx_word' id='word_1_471' title='bbox 1643 3384 1772 3431; x_wconf 87' lang='lat' dir='ltr'><strong>lunae</strong></span> <span class='ocrx_word' id='word_1_472' title='bbox 1799 3384 1942 3431; x_wconf 88' lang='lat' dir='ltr'><strong>media</strong></span> <span class='ocrx_word' id='word_1_473' title='bbox 1976 3385 2033 3431; x_wconf 87' lang='lat' dir='ltr'><strong>ad</strong></span> <span class='ocrx_word' id='word_1_474' title='bbox 2056 3385 2259 3447; x_wconf 90' lang='lat' dir='ltr'><strong>singulas</strong></span> <span class='ocrx_word' id='word_1_475' title='bbox 2291 3385 2508 3447; x_wconf 88' lang='lat' dir='ltr'><strong>epochas,</strong></span> <span class='ocrx_word' id='word_1_476' title='bbox 2543 3401 2658 3448; x_wconf 88' lang='lat' dir='ltr'><strong>quae</strong></span> <span class='ocrx_word' id='word_1_477' title='bbox 2683 3389 2729 3433; x_wconf 90' lang='lat' dir='ltr'><strong>in</strong></span> <span class='ocrx_word' id='word_1_478' title='bbox 2757 3411 2792 3435; x_wconf 66' lang='lat'><strong>,1</strong></span> <span class='ocrx_word' id='word_1_479' title='bbox 2904 3408 2914 3456; x_wconf 67' lang='lat'><strong>›&#39;</strong></span> 
     </span>
     <span class='ocr_line' id='line_1_38' title="bbox 229 3455 2846 3542; baseline 0.001 -18"><span class='ocrx_word' id='word_1_480' title='bbox 229 3478 474 3534; x_wconf 91' lang='lat' dir='ltr'><strong>habentur,</strong></span> <span class='ocrx_word' id='word_1_481' title='bbox 510 3477 736 3524; x_wconf 87' lang='lat' dir='ltr'><strong>emendari</strong></span> <span class='ocrx_word' id='word_1_482' title='bbox 772 3485 997 3540; x_wconf 87' lang='lat' dir='ltr'><strong>poterunt.</strong></span> <span class='ocrx_word' id='word_1_483' title='bbox 1069 3479 1217 3540; x_wconf 85' lang='lat' dir='ltr'><strong>Atque</strong></span> <span class='ocrx_word' id='word_1_484' title='bbox 1249 3479 1334 3525; x_wconf 90' lang='lat' dir='ltr'><strong>hae</strong></span> <span class='ocrx_word' id='word_1_485' title='bbox 1370 3455 1677 3525; x_wconf 89' lang='lat' dir='ltr'><strong>correctiones</strong></span> <span class='ocrx_word' id='word_1_486' title='bbox 1713 3486 1836 3524; x_wconf 90' lang='lat' dir='ltr'><strong>recte</strong></span> <span class='ocrx_word' id='word_1_487' title='bbox 1869 3494 1915 3524; x_wconf 90' lang='lat' dir='ltr'><strong>se</strong></span> <span class='ocrx_word' id='word_1_488' title='bbox 1950 3459 2199 3536; x_wconf 85' lang='lat' dir='ltr'><strong>habebunt,</strong></span> <span class='ocrx_word' id='word_1_489' title='bbox 2236 3480 2273 3524; x_wconf 89' lang='lat' dir='ltr'><strong>si</strong></span> <span class='ocrx_word' id='word_1_490' title='bbox 2308 3481 2432 3541; x_wconf 90' lang='lat' dir='ltr'><strong>prior</strong></span> <span class='ocrx_word' id='word_1_491' title='bbox 2466 3480 2597 3526; x_wconf 85' lang='lat' dir='ltr'><strong>lunae</strong></span> <span class='ocrx_word' id='word_1_492' title='bbox 2621 3482 2846 3542; x_wconf 68' lang='lat' dir='ltr'><strong>aequatio}</strong></span> 
     </span>
     <span class='ocr_line' id='line_1_39' title="bbox 229 3570 2911 3636; baseline 0.001 -18"><span class='ocrx_word' id='word_1_493' title='bbox 229 3573 448 3619; x_wconf 85' lang='lat' dir='ltr'><strong>anomalia</strong></span> <span class='ocrx_word' id='word_1_494' title='bbox 480 3572 624 3618; x_wconf 88' lang='lat' dir='ltr'><strong>media</strong></span> <span class='ocrx_word' id='word_1_495' title='bbox 659 3572 764 3617; x_wconf 89' lang='lat' dir='ltr'><strong>solis</strong></span> <span class='ocrx_word' id='word_1_496' title='bbox 798 3571 995 3632; x_wconf 91' lang='lat' dir='ltr'><strong>pendens</strong></span> <span class='ocrx_word' id='word_1_497' title='bbox 1029 3580 1150 3618; x_wconf 87' lang='lat' dir='ltr'><strong>recte</strong></span> <span class='ocrx_word' id='word_1_498' title='bbox 1185 3588 1232 3619; x_wconf 91' lang='lat' dir='ltr'><strong>se</strong></span> <span class='ocrx_word' id='word_1_499' title='bbox 1266 3572 1449 3618; x_wconf 88' lang='lat' dir='ltr'><strong>habeat:</strong></span> <span class='ocrx_word' id='word_1_500' title='bbox 1485 3571 1599 3618; x_wconf 89' lang='lat' dir='ltr'><strong>haec</strong></span> <span class='ocrx_word' id='word_1_501' title='bbox 1633 3574 1748 3618; x_wconf 91' lang='lat' dir='ltr'><strong>enim</strong></span> <span class='ocrx_word' id='word_1_502' title='bbox 1787 3575 1822 3619; x_wconf 90' lang='lat' dir='ltr'><strong>si</strong></span> <span class='ocrx_word' id='word_1_503' title='bbox 1857 3570 1995 3620; x_wconf 85' lang='lat' dir='ltr'><strong>fuerit</strong></span> <span class='ocrx_word' id='word_1_504' title='bbox 2027 3588 2232 3629; x_wconf 90' lang='lat' dir='ltr'><strong>erronea,</strong></span> <span class='ocrx_word' id='word_1_505' title='bbox 2275 3573 2554 3620; x_wconf 88' lang='lat' dir='ltr'><strong>tantumdem</strong></span> <span class='ocrx_word' id='word_1_506' title='bbox 2589 3576 2818 3622; x_wconf 59' lang='lat' dir='ltr'><strong>correction</strong></span> <span class='ocrx_word' id='word_1_507' title='bbox 2846 3575 2874 3624; x_wconf 63' lang='lat'><strong>,⁴</strong></span> <span class='ocrx_word' id='word_1_508' title='bbox 2901 3608 2911 3636; x_wconf 28' lang='lat'><strong>¹,</strong></span> 
     </span>
     <span class='ocr_line' id='line_1_40' title="bbox 231 3637 2892 3734; baseline 0 -22"><span class='ocrx_word' id='word_1_509' title='bbox 231 3666 432 3712; x_wconf 89' lang='lat' dir='ltr'><strong>locorum</strong></span> <span class='ocrx_word' id='word_1_510' title='bbox 471 3666 721 3711; x_wconf 89' lang='lat' dir='ltr'><strong>mediorum</strong></span> <span class='ocrx_word' id='word_1_511' title='bbox 757 3658 1008 3712; x_wconf 50' lang='lat' dir='ltr'><strong>a‘veritate</strong></span> <span class='ocrx_word' id='word_1_512' title='bbox 1044 3665 1327 3728; x_wconf 88' lang='lat' dir='ltr'><strong>discrepabit.</strong></span> <span class='ocrx_word' id='word_1_513' title='bbox 1396 3665 1475 3712; x_wconf 78' lang='lat' dir='ltr'><strong>Sin</strong></span> <span class='ocrx_word' id='word_1_514' title='bbox 1509 3673 1657 3713; x_wconf 89' lang='lat' dir='ltr'><strong>autem</strong></span> <span class='ocrx_word' id='word_1_515' title='bbox 1692 3664 1807 3713; x_wconf 84' lang='lat' dir='ltr'><strong>forte</strong></span> <span class='ocrx_word' id='word_1_516' title='bbox 1839 3666 2076 3723; x_wconf 70' lang='lat' dir='ltr'><strong>acciderit,</strong></span> <span class='ocrx_word' id='word_1_517' title='bbox 2118 3674 2170 3714; x_wconf 92' lang='lat' dir='ltr'><strong>ut</strong></span> <span class='ocrx_word' id='word_1_518' title='bbox 2204 3667 2334 3714; x_wconf 89' lang='lat' dir='ltr'><strong>binae</strong></span> <span class='ocrx_word' id='word_1_519' title='bbox 2373 3667 2475 3714; x_wconf 89' lang='lat' dir='ltr'><strong>illae</strong></span> <span class='ocrx_word' id='word_1_520' title='bbox 2509 3668 2678 3715; x_wconf 87' lang='lat' dir='ltr'><strong>electae</strong></span> <span class='ocrx_word' id='word_1_521' title='bbox 2710 3668 2815 3717; x_wconf 81' lang='lat' dir='ltr'><strong>obse</strong></span> <span class='ocrx_word' id='word_1_522' title='bbox 2837 3637 2892 3734; x_wconf 26' lang='lat' dir='ltr'><strong>A?</strong></span> 
     </span>
    </p>
   </div>
   <div class='ocr_carea' id='block_1_10' title="bbox 232 3750 2896 3938">
    <p class='ocr_par' dir='ltr' id='par_1_12' title="bbox 232 3750 2896 3938">
     <span class='ocr_line' id='line_1_41' title="bbox 232 3750 2896 3849; baseline 0.002 -45"><span class='ocrx_word' id='word_1_523' title='bbox 232 3762 378 3805; x_wconf 86' lang='lat' dir='ltr'><strong>tiones</strong></span> <span class='ocrx_word' id='word_1_524' title='bbox 397 3763 401 3769; x_wconf 85' lang='lat'><strong><em>‘</em></strong></span> <span class='ocrx_word' id='word_1_525' title='bbox 412 3775 549 3821; x_wconf 90' lang='lat' dir='ltr'><strong>prope</strong></span> <span class='ocrx_word' id='word_1_526' title='bbox 585 3760 689 3806; x_wconf 88' lang='lat' dir='ltr'><strong>solis</strong></span> <span class='ocrx_word' id='word_1_527' title='bbox 721 3774 974 3822; x_wconf 88' lang='lat' dir='ltr'><strong>apogaeum</strong></span> <span class='ocrx_word' id='word_1_528' title='bbox 1006 3760 1076 3806; x_wconf 88' lang='lat' dir='ltr'><strong>vel</strong></span> <span class='ocrx_word' id='word_1_529' title='bbox 1114 3762 1369 3822; x_wconf 87' lang='lat' dir='ltr'><strong>perigaeum</strong></span> <span class='ocrx_word' id='word_1_530' title='bbox 1405 3761 1496 3805; x_wconf 89' lang='lat' dir='ltr'><strong>sint</strong></span> <span class='ocrx_word' id='word_1_531' title='bbox 1530 3761 1722 3821; x_wconf 90' lang='lat' dir='ltr'><strong>positae,</strong></span> <span class='ocrx_word' id='word_1_532' title='bbox 1757 3768 1852 3807; x_wconf 90' lang='lat' dir='ltr'><strong>tum</strong></span> <span class='ocrx_word' id='word_1_533' title='bbox 1886 3761 1944 3808; x_wconf 88' lang='lat' dir='ltr'><strong>ob</strong></span> <span class='ocrx_word' id='word_1_534' title='bbox 1972 3763 2110 3823; x_wconf 87' lang='lat' dir='ltr'><strong>ipsam</strong></span> <span class='ocrx_word' id='word_1_535' title='bbox 2135 3750 2443 3823; x_wconf 88' lang='lat' dir='ltr'><strong>aequationem</strong></span> <span class='ocrx_word' id='word_1_536' title='bbox 2470 3762 2657 3808; x_wconf 88' lang='lat' dir='ltr'><strong>solarem</strong></span> <span class='ocrx_word' id='word_1_537' title='bbox 2683 3763 2817 3808; x_wconf 90' lang='lat' dir='ltr'><strong>mini</strong></span> <span class='ocrx_word' id='word_1_538' title='bbox 2849 3786 2896 3849; x_wconf 41' lang='grc' dir='ltr'><strong>ιχ</strong></span> 
     </span>
     <span class='ocr_line' id='line_1_42' title="bbox 2855 3914 2865 3938; baseline 0 0"><span class='ocrx_word' id='word_1_539' title='bbox 2855 3914 2865 3938; x_wconf 77' lang='grc'><strong>&gt;</strong></span> 
     </span>
    </p>
   </div>
   <div class='ocr_carea' id='block_1_11' title="bbox 232 3852 2793 3923">
    <p class='ocr_par' dir='ltr' id='par_1_13' title="bbox 232 3852 2793 3923">
     <span class='ocr_line' id='line_1_43' title="bbox 232 3852 2793 3923; baseline 0.002 -25"><span class='ocrx_word' id='word_1_540' title='bbox 232 3852 339 3899; x_wconf 89' lang='lat' dir='ltr'><strong>hinc</strong></span> <span class='ocrx_word' id='word_1_541' title='bbox 374 3853 524 3899; x_wconf 91' lang='lat' dir='ltr'><strong>nullus</strong></span> <span class='ocrx_word' id='word_1_542' title='bbox 557 3869 685 3901; x_wconf 89' lang='lat' dir='ltr'><strong>error</strong></span> <span class='ocrx_word' id='word_1_543' title='bbox 717 3856 761 3900; x_wconf 92' lang='lat' dir='ltr'><strong>iu</strong></span> <span class='ocrx_word' id='word_1_544' title='bbox 797 3853 1215 3919; x_wconf 84' lang='lat' dir='ltr'><strong>determinationem</strong></span> <span class='ocrx_word' id='word_1_545' title='bbox 1249 3854 1451 3901; x_wconf 89' lang='lat' dir='ltr'><strong>locorum</strong></span> <span class='ocrx_word' id='word_1_546' title='bbox 1487 3852 1733 3923; x_wconf 86' lang='lat' dir='ltr'><strong>mediorum</strong></span> <span class='ocrx_word' id='word_1_547' title='bbox 1770 3854 2060 3902; x_wconf 79' lang='lat' dir='ltr'><strong>redundabit.</strong></span> <span class='ocrx_word' id='word_1_548' title='bbox 2129 3855 2299 3902; x_wconf 90' lang='lat' dir='ltr'><strong>Verum</strong></span> <span class='ocrx_word' id='word_1_549' title='bbox 2333 3857 2369 3902; x_wconf 90' lang='lat' dir='ltr'><strong>si</strong></span> <span class='ocrx_word' id='word_1_550' title='bbox 2395 3857 2603 3918; x_wconf 88' lang='lat' dir='ltr'><strong>aequatio</strong></span> <span class='ocrx_word' id='word_1_551' title='bbox 2633 3856 2793 3903; x_wconf 82' lang='lat' dir='ltr'><strong>solaris</strong></span> 
     </span>
    </p>
   </div>
  </div>
 </body>
</html>
