2950 4276
711 189 785 240 De
822 198 949 240 motu
987 206 1243 259 corporum
1283 189 1415 241 σίνοα
1446 198 1670 260 punctum
1702 166 1852 260 fisi-um
1893 189 2148 241 mobilium.
2703 191 2773 244 49

153 365 155 367 -
210 334 289 380 25.
325 333 474 380 Motus
509 339 658 378 autem
695 334 916 394 corporis,
951 334 1043 380 sive
1079 332 1137 380 ad
1170 348 1314 395 genus
1348 335 1557 395 primum,
1591 334 1685 379 sive
1719 332 1967 380 secundum
2003 331 2243 391 referatur,
2281 332 2527 380 dummodo
2560 341 2775 396 punctum

79 427 117 474 Ο
148 429 369 490 quiescat,
422 425 760 472 distinctissime
801 434 1103 488 cognoscetur
1144 428 1180 472 si
1223 426 1280 472 ad
1322 426 1514 489 quodvis
1559 434 1734 489 tempus
1777 429 1911 474 situm
1955 435 2187 474 ternorum
2225 429 2368 474 axium
2403 436 2610 490 respectu
2647 430 2778 491 spatii

75 520 269 568 absoluti
310 520 540 582 assignare
583 522 853 566 noverimus,
921 519 1041 566 Tum
1083 521 1200 565 enim
1235 520 1367 567 simul
1412 520 1656 582 cujuslibet
1694 523 1896 582 corporis
1930 521 2175 583 particulae
2210 537 2364 568 verum
2401 523 2534 568 situm
2568 529 2777 585 respectu

77 616 207 675 spatii
241 614 431 661 absoluti
466 609 653 660 definire
687 614 956 676 poterimus,
994 628 1125 674 quem
1161 615 1196 658 si
1233 612 1291 659 ad
1326 612 1519 675 quodvis
1550 616 1767 675 temporis
1800 615 1971 660 instans
1997 615 2278 677 colligamus,
2316 632 2366 662 ex
2394 618 2640 663 mutatione
2668 617 2780 682 situs

76 715 387 754 momentanea
423 709 567 769 ipsum
604 714 774 754 motum
809 707 1027 769 cujusque
1062 705 1306 767 particulae
1340 702 1472 752 facile
1507 704 1852 759 concludemus;
1888 687 2130 768 spatiolum
2164 711 2281 754 enim
2316 726 2339 756 a
2375 711 2530 772 quavis
2556 709 2776 771 particula

75 797 349 864 descriptum
401 800 459 847 ad
506 800 773 847 elementum
821 800 1035 861 temporis
1083 799 1358 860 applicatum
1402 798 1633 860 praebebit
1675 799 1772 861 ejus
1813 799 2108 857 celeritatem,
2162 808 2209 846 et
2250 801 2340 849 duo
2383 810 2533 849 motus
2575 802 2778 866 ejusdem

75 896 318 959 particulae
369 895 545 942 duobus
593 893 886 955 tempusculis
924 893 1192 939 successivis
1236 894 1357 938 inter
1398 908 1444 938 se
1485 892 1635 938 collati
1678 892 1919 939 ostendent
1959 908 2060 940 cum
2107 893 2350 941 celeritatis
2390 903 2486 942 tum
2523 895 2780 943 directionis

76 990 389 1045 mutationem,
426 969 589 1050 quibus
622 986 754 1032 rebus
789 985 920 1048 plane
956 987 1130 1041 omnia,
1165 1000 1278 1048 quae
1314 984 1370 1031 de
1405 992 1533 1031 motu
1569 985 1771 1047 corporis
1805 987 2016 1033 universo
2051 988 2202 1048 quaeri
2232 996 2437 1049 possunt,
2475 991 2781 1038 continentur.

75 1082 263 1146 Hocque
296 1097 406 1144 ergo
439 1080 576 1128 modo
611 1077 858 1142 perfectam
890 1086 1042 1126 motus
1077 1081 1384 1141 cognitionem
1419 1079 1774 1142 impetrabimus.

182 1175 287 1223 26.
337 1173 458 1234 Dum
490 1179 637 1219 autem
674 1185 840 1233 corpus
876 1170 932 1218 ad
967 1172 1156 1233 spatium
1192 1170 1449 1217 absolutum
1483 1168 1739 1228 referimus,
1775 1172 1820 1217 in
1856 1187 1908 1217 eo
1941 1187 2119 1235 quoque
2154 1180 2248 1220 tres
2280 1189 2383 1219 axes
2417 1177 2581 1221 assumi
2616 1191 2782 1223 conve—

75 1269 212 1325 niet,
244 1281 435 1330 quorum
483 1272 692 1327 respectu
744 1266 859 1311 situs
908 1249 1111 1327 corporis
1159 1267 1320 1327 quovis
1367 1271 1597 1312 momento
1645 1260 1824 1323 definiri
1877 1265 2026 1313 debet.
2095 1267 2151 1313 Hi
2194 1269 2335 1329 igitur
2375 1275 2468 1314 tres
2509 1284 2612 1316 axes
2654 1273 2784 1332 spatii

74 1361 269 1419 absoluti
320 1360 461 1423 probe
512 1367 616 1406 sunt
668 1357 974 1421 distinguendi
1017 1374 1042 1405 a
1082 1358 1229 1405 tribus
1270 1359 1359 1405 illis
1401 1359 1576 1417 axibus,
1627 1374 1742 1421 quos
1783 1362 1960 1421 corpori
2004 1357 2165 1407 infixos
2207 1363 2505 1423 concipimus:
2560 1363 2624 1409 illi
2665 1366 2784 1411 enim

74 1469 226 1501 revera
266 1462 376 1501 sunt
416 1453 686 1509 immobileS,
736 1451 785 1498 hi
827 1468 933 1500 vero
969 1467 1074 1499 cum
1109 1468 1298 1515 corpore
1332 1453 1461 1517 simul
1497 1461 1758 1510 moventur,
1811 1460 1947 1515 atque
1983 1470 2034 1499 ex
2069 1456 2158 1501 situ
2191 1454 2356 1501 horum
2392 1458 2539 1502 axium
2574 1464 2784 1519 respectu

74 1548 253 1596 illorum
295 1549 450 1610 quovis
490 1540 719 1593 momento
759 1553 849 1592 tam
894 1548 1009 1593 situs
1048 1548 1254 1608 corporis
1293 1558 1427 1609 quam
1468 1546 1566 1610 ejus
1605 1554 1767 1594 motus·
1798 1549 2106 1609 cognoscitur.
2178 1548 2325 1604 Quare
2369 1549 2474 1596 dum
2511 1566 2677 1612 corpus
2709 1558 2785 1597 ut-

74 1657 252 1704 cunque
289 1649 517 1698 movetur,
553 1642 614 1686 ita
648 1647 699 1686 ut
732 1646 952 1702 punctum
988 1639 1024 1686 Ο
1057 1641 1294 1687 immotum
1331 1647 1526 1698 maneat,
1564 1641 1664 1704 ejus
1697 1648 1846 1687 motus
1879 1639 2077 1702 perfecte
2107 1641 2408 1699 describetur,
2446 1645 2480 1689 si
2508 1643 2563 1690 ad
2594 1644 2785 1706 quodvis

74 1741 254 1798 tempus
276 1736 418 1781 'situm
454 1736 598 1781 axium
634 1736 814 1796 corpori
851 1730 1090 1780 infixorum
1124 1712 1333 1796 respectu
1369 1736 1514 1780 axium
1551 1736 1682 1796 spatii
1723 1734 1919 1781 absoluti
1953 1737 2183 1797 assignare
2219 1739 2482 1799 poterimus.

207 1831 284 1876 27.
322 1830 423 1886 Quo
458 1832 599 1892 igitur
633 1830 874 1893 cujuslibet
908 1829 1115 1876 elementi
1151 1831 1353 1891 corporis
1381 1830 1421 1877 Z
1445 1844 1597 1876 verum
1634 1837 1802 1877 motum
1834 1830 1889 1876 ad
1917 1830 2107 1893 quodvis
2132 1839 2310 1893 tempus
2336 1828 2527 1878 definire
2553 1846 2784 1893 queamus,

28 1921 31 1923 ’
76 1926 268 1986 primum
308 1925 407 1987 ejus
446 1926 582 1971 situm
623 1931 833 1986 respectu
864 1926 1018 1970 axium
1061 1931 1296 1971 ternorum
1337 1925 1422 1986 ipsi
1458 1926 1638 1986 corpori
1674 1920 1913 1971 infixorum
1950 1925 2164 1987 indagare
2201 1925 2438 1983 debemus,
2491 1928 2567 1988 qui
2603 1925 2787 1988 quidem

76 2022 213 2078 situs,
247 2014 313 2065 uti
339 2018 550 2076 vidimus,
586 2018 947 2066 commodissime
975 2034 1055 2080 per
1081 2025 1233 2064 ternas
1258 2018 1548 2066 coordinatas
1573 2019 1644 2066 his
1671 2020 1826 2066 axibus
1853 2020 2087 2081 parallelas
2114 2019 2465 2074 determinatum
2502 2027 2547 2065 et
2573 2020 2787 2082 quamdiu

75 2112 196 2160 idem
235 2114 438 2175 corporis
480 2113 751 2159 elementum
785 2093 1040 2174 spectatur,
1091 2112 1175 2159 hae
1217 2120 1370 2159 ternae
1404 2112 1694 2160 coordinatae
1737 2114 1904 2178 nullam
1952 2116 2246 2161 mutationem
2285 2114 2503 2171 subeunt,
2557 2122 2787 2176 utcunque

76 2222 246 2270 corpus
287 2213 537 2253 moveatur.
606 2205 737 2253 Unde
781 2208 816 2252 si
856 2205 942 2252 hae
979 2205 1269 2254 coordinatae
1305 2222 1384 2268 per
1415 2223 1473 2265 ω,
1506 2223 1542 2266 γ
1574 2215 1622 2253 et
1655 2223 1682 2254 z
1715 2206 2028 2270 designentur,
2081 2207 2158 2254 eae
2194 2224 2276 2270 pro
2310 2208 2639 2270 quantitatibus
2674 2223 2788 2255 con-

75 2301 302 2348 stantibus
336 2307 470 2347 erunt
503 2299 758 2356 habendae,
810 2299 1024 2362 quamdiu
1058 2301 1232 2346 scilicet
1266 2299 1386 2346 idem
1421 2303 1625 2364 corporis
1660 2302 1931 2347 elementum
1968 2308 2222 2364 spectatur,
2247 2309 2503 2364 vpropterea
2535 2301 2656 2364 quod
2691 2302 2788 2365 ejus

22 2384 25 2387 ’
75 2397 187 2442 situs
219 2402 426 2457 respectu
459 2393 624 2442 horum
657 2395 824 2451 axium,
878 2395 954 2456 qui
990 2396 1167 2457 corpori
1202 2390 1324 2442 infixi
1359 2395 1580 2457 simulque
1616 2410 1719 2441 cum
1754 2410 1809 2442 eo
1843 2395 2030 2441 mobiles
2063 2401 2348 2453 statuuntur,
2404 2396 2514 2443 nulli
2549 2397 2785 2443 mutationi

77 2496 147 2536 est
178 2488 411 2536 obnoxius.

208 2585 286 2631 28.
322 2582 493 2630 Deinde
527 2597 633 2629 vero
670 2581 873 2645 ejusdem
910 2582 1120 2629 elementi
1156 2578 1290 2629 situm
1326 2598 1508 2645 quoque
1541 2591 1751 2646 respectu
1784 2591 2016 2632 ternorum
2049 2587 2196 2631 axium
2230 2583 2539 2631 absolutorum
2568 2583 2787 2646 explorari

6 2685 9 2741 j'
76 2683 276 2740 oportet,
329 2676 450 2739 quod
494 2678 662 2739 pariter
702 2692 784 2738 per
825 2676 936 2723 alias
977 2683 1130 2723 ternas
1170 2675 1459 2724 coordinatas
1499 2677 1572 2724 his
1611 2678 1763 2725 axibus
1799 2678 2032 2740 parallelas
2067 2677 2430 2726 commodissime
2466 2677 2785 2740 praestabitur.

6 2757 8 2808 Ῐ
74 2771 175 2819 Jam
211 2786 316 2818 vero
347 2770 432 2817 hae
466 2770 755 2818 coordinatae
799 2772 932 2817 etiam
977 2786 1058 2833 pro
1092 2770 1252 2818 eodem
1287 2773 1494 2835 corporis
1529 2772 1752 2819 elemento
1788 2773 1966 2819 labente
2000 2779 2202 2835 tempore
2240 2788 2321 2835 pro
2358 2771 2649 2818 variabilibus
2683 2780 2788 2818 sunt

6 2861 8 2910 ἶ
76 2865 328 2923 habendae,
383 2873 520 2928 atque
559 2881 609 2911 ex
653 2865 739 2912 hac
781 2866 874 2927 ipsa
916 2866 1158 2912 variatione
1193 2866 1290 2929 ejus
1327 2881 1459 2912 verus
1493 2874 1646 2912 motus
1679 2869 1910 2929 aptissime
1945 2867 2237 2930 dijudicatur,
2291 2866 2508 2928 siquidem
2546 2865 2644 2928 ejus
2677 2868 2788 2918 situs

6 3019 7 3031 ἶ
76 2967 284 3022 respectu
326 2959 490 3007 horum
525 2961 673 3005 axium
708 2961 929 3006 continuo
963 2961 1241 3007 immutatur.
1306 2959 1478 3016 ,Quodsi
1514 2975 1624 3024 ergo
1659 2961 1744 3008 hae
1779 2961 2070 3008 coordinatae
2107 2962 2188 3024 per
2224 2962 2397 3016 litteras
2433 2961 2496 3018 X,
2543 2961 2594 3018 Y,
2635 2959 2674 3006 Z
2704 2959 2787 3006 de-

75 3054 335 3116 signentur,
371 3053 453 3100 hae
491 3069 708 3100 successu
741 3054 959 3115 temporis
995 3056 1289 3102 mutationem
1323 3056 1498 3117 perpeti
1535 3054 1783 3101 censendae
1817 3063 1942 3113 sunt,
1982 3055 2088 3103 dum
2124 3055 2447 3118 praecedentes
2479 3071 2528 3113 ω,
2558 3071 2607 3114 y,
2643 3071 2669 3101 z
2703 3069 2784 3116 pro

0 3133 1 3136 Ἴ
76 3147 386 3195 constantibus
416 3147 576 3194 haberi
610 3146 794 3194 debent.

209 3242 287 3287 29.
323 3240 543 3296 Quoniam
578 3254 688 3302 ergo
724 3240 941 3303 cujusque
976 3241 1184 3288 elementi
1221 3248 1373 3288 motus
1407 3257 1459 3288 ex
1494 3241 1768 3290 coordinatis
1795 3242 2040 3289 ⁴mobilibus
2077 3242 2140 3299 X,
2185 3242 2240 3295 Y,
2281 3241 2318 3288 Z
2349 3243 2437 3304 peti
2473 3240 2626 3297 debet,
2663 3242 2709 3285 in
2738 3239 2783 3285 id

0 3325 1 3388 Ῑ
77 3335 294 3397 imprimis
328 3341 397 3380 est
429 3333 803 3392 incumbendum,
838 3342 890 3381 ut
923 3335 1005 3382 has
1039 3335 1324 3382 coordinatas
1363 3352 1415 3383 ex
1450 3335 1724 3384 coordinatis
1751 3333 1850 3384 fixis
1874 3353 1928 3394 ω,
1961 3352 2019 3396 γ,
2055 3352 2081 3382 z
2108 3336 2381 3392 derivemuS,
2417 3351 2548 3397 quem
2575 3337 2618 3380 in
2647 3330 2783 3380 finem

0 3416 1 3428 ¹
78 3425 136 3474 ad
177 3426 371 3490 quodvis
412 3435 593 3490 tempus
627 3430 760 3475 situm
795 3430 938 3476 axium
976 3431 1201 3491 corporis,
1234 3437 1447 3494 respectu
1480 3432 1629 3481 axium
1663 3433 1807 3498 spatii
1831 3431 2046 3488 absoluti,
2084 3431 2306 3494 explorari
2340 3429 2567 3475 convenit.
2617 3426 2785 3472 Princi-

0 3515 1 3527 ’
77 3520 190 3583 palis
224 3522 364 3583 igitur
396 3523 602 3583 quaestio
637 3529 736 3568 tum
770 3521 861 3569 huc
895 3520 1081 3580 redibit,
1132 3529 1185 3570 ut
1225 3526 1415 3586 cognito
1450 3526 1540 3571 situ
1574 3526 1718 3571 axium
1753 3527 1956 3586 corporis
1989 3531 2198 3586 respectu
2233 3525 2380 3569 axium
2416 3522 2542 3583 spatii
2575 3519 2782 3574 absoluti,

0 3628 1 3634 ¹
77 3628 160 3676 pro
203 3629 472 3678 quocunque
513 3617 714 3678 corporis
754 3615 978 3663 elemento
1012 3623 1168 3663 ternae
1204 3616 1495 3665 coordinatae
1538 3617 1725 3664 mobiles
1768 3632 1847 3664 seu
1883 3618 2118 3671 variabiles
2153 3617 2215 3674 X,
2259 3617 2307 3672 Y,
2348 3615 2386 3660 Z
2422 3629 2473 3659 ex
2510 3610 2785 3658 coordinatis

43 3706 380 3765 -immobilibus
412 3713 462 3753 et
496 3703 595 3754 fixis
626 3724 682 3767 ω,
714 3725 772 3768 γ,
806 3724 834 3755 z
869 3705 1165 3758 definiantur:
1206 3711 1326 3774 quod
1362 3712 1504 3773 igitur
1539 3710 1915 3774 quemadmodum
1951 3710 2310 3758 commodissime
2347 3705 2446 3754 fieri
2479 3706 2641 3767 possit,
2683 3702 2788 3750 dili-

82 3803 263 3863 gentius
289 3799 590 3863 dispiciamus.
632 3801 755 3850 Haec
788 3811 938 3851 autem
973 3803 1232 3867 disquisitio
1268 3813 1362 3852 tam
1397 3803 1454 3851 ad
1488 3811 1642 3853 motus
1674 3804 1860 3853 secundi
1896 3806 2078 3867 generis
2113 3820 2243 3866 quam
2280 3802 2406 3865 primi
2444 3799 2619 3862 generis
2646 3812 2785 3860 aeque

92 3895 280 3958 patebit,
316 3896 419 3957 quia
451 3909 592 3942 unum
625 3896 784 3944 saltem
820 3900 1022 3962 corporis
1054 3907 1272 3962 punctum
1309 3900 1345 3947 Ο
1377 3906 1590 3962 tanquam
1626 3895 1765 3947 fixum
1799 3900 2081 3946 assumimus.

234 3985 266 4014 1..
282 3986 398 4015 Euleri
417 3986 471 4023 Op·
484 3986 622 4023 posthuma
636 3988 669 4015 T.
686 3988 726 4015 11.
2473 3991 2500 4034 7
