2950 4276
2924 0 2938 53 ι

280 220 388 273 364
1075 208 1132 259 L.
1171 176 1461 266 EULE-Rl
1501 202 1725 257 OPERA
1763 202 2149 256 PosmUMA.
2707 201 2947 267 Am,

272 363 544 425 syzygiarum
579 354 880 405 accomodatis
912 354 978 401 uti
1007 352 1211 416 jubeam,
1231 366 1354 403 cum
1377 359 1560 400 tamen
1558 353 1616 401 i'n
1649 352 2053 402 observationibus
2069 350 2131 400 ad
2162 351 2373 403 medinm
2393 353 2613 416 cujusque
2636 354 2828 416 eclipsis
2821 356 2950 423 m

272 469 356 516 pus
389 452 604 498 institutis
638 455 793 496 centra
824 446 929 494 solis
963 451 1012 492 et
1045 443 1178 494 lunae
1210 459 1308 493 non
1335 445 1387 493 in
1412 454 1521 494 vera
1555 446 1835 509 oppositione
1859 444 2111 499 secundnm
2145 444 2473 507 longitudinem
2502 453 2746 494 versentur.
2793 447 2950 527 Com

272 546 388 591 hanc
422 550 570 590 autem
605 541 905 604 objectionem
937 538 1048 587 nihil
1082 537 1208 587 aliud
1242 537 1386 587 habeo
1419 538 1544 602 quod
1577 538 1898 603 respondeam,
1931 540 2016 585 nisi
2049 538 2173 601 quod
2205 553 2384 589 errores
2416 539 2579 587 calculi
2610 553 2663 586 ex
2695 539 2786 590 hoc
2813 562 2877 594 ηρ
2900 551 2904 563 ³
2930 564 2936 586 ι

270 635 446 684 oriundi
481 642 571 680 tam
610 635 702 680 sint
735 634 879 695 parvi,
931 638 983 678 ut
1021 632 1195 698 ratione
1224 630 1295 679 ad
1332 632 1443 680 alios
1480 647 1656 680 errores
1697 647 1880 698 prorsus
1920 631 2198 690 inevitabiies
2237 631 2389 680 habita
2429 639 2530 679 tuto
2569 633 2736 694 negligi
2774 648 2881 698 qu
2938 634 2939 639 ’

268 727 316 774 Si
348 729 465 774 enim
499 727 672 788 eclipsis
704 723 845 772 fuerit
878 726 1078 793 minima,
1112 724 1236 789 quod
1269 727 1419 773 evenit
1454 729 1493 773 si
1526 733 1732 774 centrum
1767 725 1878 773 solis
1914 723 1997 772 18⁰
2032 722 2126 773 fere
2159 740 2184 772 a
2218 724 2339 773 nodo
2373 693 2535 782 distet,
2569 721 2821 807 differentis
2840 751 2883 807 ,ε
2891 675 2942 784 ξ

269 819 522 882 gitudinum
557 822 700 890 centri
736 820 867 867 lunae
899 826 948 866 et
979 821 1121 867 centri
1155 820 1340 878 umbrae
1373 821 1521 897 minor
1554 828 1622 868 est
1656 813 1725 868 5:
1760 821 1834 868 cui
1876 815 2156 868 differentiae
2191 835 2244 867 ex
2276 819 2429 868 tabula
2462 820 2717 868 variationis
2748 803 2887 947 αιιιιι,ξ
2918 791 2930 839 3

268 907 329 960 δ”
362 914 506 960 minor
538 887 800 976 respondet,
833 912 978 976 neque
1013 929 1066 960 ex
1098 913 1252 961 tabula
1285 912 1350 961 IV
1384 928 1515 973 error
1548 914 1666 962 ultra
1702 907 1764 960 7⁰
1800 910 1906 962 oriri
1941 920 2111 977 potest,
2151 915 2227 977 qui
2263 913 2374 961 adeo
2414 913 2540 962 illum
2581 928 2710 976 saepe
2750 913 2830 974 (1¹5⁴

266 1006 451 1055 Interim
486 1015 634 1054 tamen
667 1009 705 1054 si
730 1007 827 1071 J‘sm
860 1006 1040 1055 tabulae
1074 1006 1296 1070 neglectis
1328 1006 1400 1054 his
1433 1007 1684 1065 erroribus,
1727 1009 1829 1071 qui,
1866 1010 1905 1055 si
1937 1007 2127 1071 eclipses
2159 1009 2249 1054 sint
2283 1008 2526 1065 notabiles,
2566 991 2736 1055 nullius
2772 1017 2894 1087 pro

264 1107 370 1148 sunt
402 1098 842 1164 moment15fuerint
873 1099 1004 1164 plane
1037 1107 1289 1158 correctae,
1323 1115 1414 1147 non
1446 1096 1635 1148 difficile
1669 1103 1756 1148 erit
1787 1102 1922 1149 etiam
1955 1101 2117 1149 harum
2149 1103 2430 1149 minimarum
2457 1101 2809 1178 aberrationmn
2826 1115 2894 1179 Γ·
2888 1042 2950 1118 ·

266 1207 367 1247 nem
399 1196 445 1240 in
477 1192 698 1241 calculum
729 1191 1037 1251 introducere,
1073 1172 1208 1256 atqne
1242 1192 1418 1241 tabulas
1449 1208 1475 1240 a
1510 1195 1632 1242 vitiis
1664 1209 1843 1259 quoque
1878 1193 1980 1243 inde
2012 1195 2125 1242 ortis
2155 1196 2334 1276 penitus
2364 1209 2574 1286 purgare.
2891 1197 2894 1202 ’

920 1410 926 1437 )
