<?xml version="1.0" encoding="UTF-8"?>
<!DOCTYPE html PUBLIC "-//W3C//DTD XHTML 1.0 Transitional//EN"
    "http://www.w3.org/TR/xhtml1/DTD/xhtml1-transitional.dtd">
<html xmlns="http://www.w3.org/1999/xhtml" xml:lang="en" lang="en">
 <head>
  <title>
</title>
<meta http-equiv="Content-Type" content="text/html;charset=utf-8" />
  <meta name='ocr-system' content='tesseract 3.04.00' />
  <meta name='ocr-capabilities' content='ocr_page ocr_carea ocr_par ocr_line ocrx_word'/>
</head>
<body>
  <div class='ocr_page' id='page_1' title='image "./operapostumamath02euleuoft_0021.png"; bbox 0 0 2950 4276; ppageno 0'>
   <div class='ocr_carea' id='block_1_1' title="bbox 1227 196 2770 271">
    <p class='ocr_par' dir='ltr' id='par_1_1' title="bbox 1227 196 2770 271">
     <span class='ocr_line' id='line_1_1' title="bbox 1227 196 2770 271; baseline -0.002 -4"><span class='ocrx_word' id='word_1_1' title='bbox 1227 222 1246 230; x_wconf 85' lang='grc'><em>”</em></span> <span class='ocrx_word' id='word_1_2' title='bbox 1330 196 1528 268; x_wconf 62' lang='lat' dir='ltr'>Sintica.</span> <span class='ocrx_word' id='word_1_3' title='bbox 1820 219 1823 222; x_wconf 80' lang='grc'>’</span> <span class='ocrx_word' id='word_1_4' title='bbox 1939 219 1948 265; x_wconf 77' lang='grc' dir='ltr'>ἶ</span> <span class='ocrx_word' id='word_1_5' title='bbox 2738 222 2770 271; x_wconf 92' lang='grc'>5</span> 
     </span>
    </p>
   </div>
   <div class='ocr_carea' id='block_1_2' title="bbox 0 348 2790 3981">
    <p class='ocr_par' dir='ltr' id='par_1_2' title="bbox 73 348 2774 515">
     <span class='ocr_line' id='line_1_2' title="bbox 109 348 2774 427; baseline 0.005 -28"><span class='ocrx_word' id='word_1_6' title='bbox 109 389 137 411; x_wconf 51' lang='lat'>.‚</span> <span class='ocrx_word' id='word_1_7' title='bbox 206 353 285 402; x_wconf 82' lang='grc'>21.</span> <span class='ocrx_word' id='word_1_8' title='bbox 352 358 574 402; x_wconf 76' lang='lat' dir='ltr'>Col-oll-</span> <span class='ocrx_word' id='word_1_9' title='bbox 637 352 829 411; x_wconf 89' lang='lat' dir='ltr'>Quando</span> <span class='ocrx_word' id='word_1_10' title='bbox 869 370 981 419; x_wconf 88' lang='lat' dir='ltr'>ergo</span> <span class='ocrx_word' id='word_1_11' title='bbox 1007 348 1204 407; x_wconf 75' lang='lat' dir='ltr'>¹duabus</span> <span class='ocrx_word' id='word_1_12' title='bbox 1225 359 1448 419; x_wconf 87' lang='lat' dir='ltr'>potentiis</span> <span class='ocrx_word' id='word_1_13' title='bbox 1481 355 1653 405; x_wconf 81' lang='lat' dir='ltr'>directe</span> <span class='ocrx_word' id='word_1_14' title='bbox 1688 359 1921 406; x_wconf 89' lang='lat' dir='ltr'>contrarie</span> <span class='ocrx_word' id='word_1_15' title='bbox 1948 365 2119 421; x_wconf 89' lang='lat' dir='ltr'>puncto</span> <span class='ocrx_word' id='word_1_16' title='bbox 2153 360 2404 423; x_wconf 80' lang='lat' dir='ltr'>applicatiS,</span> <span class='ocrx_word' id='word_1_17' title='bbox 2455 361 2503 410; x_wconf 88' lang='lat' dir='ltr'>id</span> <span class='ocrx_word' id='word_1_18' title='bbox 2537 364 2583 411; x_wconf 90' lang='lat' dir='ltr'>in</span> <span class='ocrx_word' id='word_1_19' title='bbox 2607 366 2774 427; x_wconf 88' lang='lat' dir='ltr'>aequi-</span> 
     </span>
     <span class='ocr_line' id='line_1_3' title="bbox 61 445 2019 562; baseline 0.003 -68.031"><span class='ocrx_word' id='word_1_20' title='bbox 61 445 206 562; x_wconf 82' lang='lat' dir='ltr'>librio</span> <span class='ocrx_word' id='word_1_21' title='bbox 240 449 473 504; x_wconf 72' lang='lat' dir='ltr'>consistit,</span> <span class='ocrx_word' id='word_1_22' title='bbox 510 447 877 499; x_wconf 88' lang='lat' dir='ltr'>concludendum</span> <span class='ocrx_word' id='word_1_23' title='bbox 909 457 1000 506; x_wconf 64' lang='lat' dir='ltr'>est,</span> <span class='ocrx_word' id='word_1_24' title='bbox 1037 464 1135 498; x_wconf 86' lang='lat' dir='ltr'>eas</span> <span class='ocrx_word' id='word_1_25' title='bbox 1129 453 1379 512; x_wconf 79' lang='lat' dir='ltr'>potentias</span> <span class='ocrx_word' id='word_1_26' title='bbox 1411 466 1513 498; x_wconf 87' lang='lat' dir='ltr'>esse</span> <span class='ocrx_word' id='word_1_27' title='bbox 1548 454 1674 499; x_wconf 86' lang='lat' dir='ltr'>inter</span> <span class='ocrx_word' id='word_1_28' title='bbox 1700 467 1747 498; x_wconf 91' lang='lat' dir='ltr'>se</span> <span class='ocrx_word' id='word_1_29' title='bbox 1780 452 2019 517; x_wconf 79' lang='lat' dir='ltr'><strong>aequales.</strong></span> 
     </span>
    </p>

    <p class='ocr_par' dir='ltr' id='par_1_3' title="bbox 161 542 2375 611">
     <span class='ocr_line' id='line_1_4' title="bbox 161 542 2375 611; baseline 0.004 -23.162"><span class='ocrx_word' id='word_1_30' title='bbox 161 542 318 588; x_wconf 87' lang='grc'>-22</span> <span class='ocrx_word' id='word_1_31' title='bbox 352 547 668 593; x_wconf 75' lang='lat' dir='ltr'>Problema</span> <span class='ocrx_word' id='word_1_32' title='bbox 692 552 747 594; x_wconf 91' lang='grc'><strong>8.</strong></span> <span class='ocrx_word' id='word_1_33' title='bbox 804 542 950 591; x_wconf 84' lang='lat' dir='ltr'>Datae</span> <span class='ocrx_word' id='word_1_34' title='bbox 975 544 1202 606; x_wconf 84' lang='lat' dir='ltr'>potentiae</span> <span class='ocrx_word' id='word_1_35' title='bbox 1235 550 1411 604; x_wconf 81' lang='lat' dir='ltr'>puncto</span> <span class='ocrx_word' id='word_1_36' title='bbox 1440 545 1690 606; x_wconf 79' lang='lat' dir='ltr'><strong>applicatae</strong></span> <span class='ocrx_word' id='word_1_37' title='bbox 1723 546 1912 607; x_wconf 80' lang='lat' dir='ltr'>aequa-le</span> <span class='ocrx_word' id='word_1_38' title='bbox 1944 548 2145 595; x_wconf 84' lang='lat' dir='ltr'>invenire</span> <span class='ocrx_word' id='word_1_39' title='bbox 2178 546 2375 611; x_wconf 85' lang='lat' dir='ltr'>pondus.</span> 
     </span>
    </p>

    <p class='ocr_par' dir='ltr' id='par_1_4' title="bbox 0 633 2768 1078">
     <span class='ocr_line' id='line_1_5' title="bbox 71 633 2768 702; baseline 0.003 -19"><span class='ocrx_word' id='word_1_40' title='bbox 71 658 85 692; x_wconf 54' lang='lat' dir='ltr'>e,</span> <span class='ocrx_word' id='word_1_41' title='bbox 150 684 153 685; x_wconf 55' lang='grc'><strong>,</strong></span> <span class='ocrx_word' id='word_1_42' title='bbox 201 640 449 683; x_wconf 73' lang='lat' dir='ltr'>Solutio.</span> <span class='ocrx_word' id='word_1_43' title='bbox 507 637 609 699; x_wconf 74' lang='lat' dir='ltr'>Fig.</span> <span class='ocrx_word' id='word_1_44' title='bbox 646 639 697 684; x_wconf 64' lang='lat' dir='ltr'>lv.</span> <span class='ocrx_word' id='word_1_45' title='bbox 743 634 813 683; x_wconf 84' lang='lat' dir='ltr'>Sit</span> <span class='ocrx_word' id='word_1_46' title='bbox 844 633 1094 698; x_wconf 86' lang='lat' dir='ltr'>punctoA</span> <span class='ocrx_word' id='word_1_47' title='bbox 1127 636 1348 698; x_wconf 88' lang='lat' dir='ltr'>applicata</span> <span class='ocrx_word' id='word_1_48' title='bbox 1384 640 1586 698; x_wconf 87' lang='lat' dir='ltr'>potentia</span> <span class='ocrx_word' id='word_1_49' title='bbox 1617 639 1664 684; x_wconf 88' lang='lat' dir='ltr'>iu</span> <span class='ocrx_word' id='word_1_50' title='bbox 1699 636 1947 686; x_wconf 83' lang='lat' dir='ltr'>directione</span> <span class='ocrx_word' id='word_1_51' title='bbox 1969 638 2090 695; x_wconf 88' lang='lat' dir='ltr'><em>-AB;</em></span> <span class='ocrx_word' id='word_1_52' title='bbox 2125 641 2416 702; x_wconf 31' lang='lat' dir='ltr'>producatur.</span> <span class='ocrx_word' id='word_1_53' title='bbox 2437 640 2525 690; x_wconf 90' lang='lat' dir='ltr'>BA</span> <span class='ocrx_word' id='word_1_54' title='bbox 2559 642 2677 691; x_wconf 90' lang='lat' dir='ltr'>ultra</span> <span class='ocrx_word' id='word_1_55' title='bbox 2709 644 2768 701; x_wconf 90' lang='lat' dir='ltr'>A,</span> 
     </span>
     <span class='ocr_line' id='line_1_6' title="bbox 61 725 2768 799; baseline 0.001 -17"><span class='ocrx_word' id='word_1_56' title='bbox 61 738 117 782; x_wconf 83' lang='lat' dir='ltr'>in</span> <span class='ocrx_word' id='word_1_57' title='bbox 139 749 305 797; x_wconf 68' lang='lat' dir='ltr'>&gt;eaque</span> <span class='ocrx_word' id='word_1_58' title='bbox 336 732 502 779; x_wconf 88' lang='lat' dir='ltr'>alicubi</span> <span class='ocrx_word' id='word_1_59' title='bbox 543 727 758 781; x_wconf 68' lang='lat' dir='ltr'>firmetur,</span> <span class='ocrx_word' id='word_1_60' title='bbox 775 730 950 780; x_wconf 69' lang='lat' dir='ltr'>clavus.</span> <span class='ocrx_word' id='word_1_61' title='bbox 972 730 1052 784; x_wconf 66' lang='grc' dir='ltr'><strong>(ἔς,</strong></span> <span class='ocrx_word' id='word_1_62' title='bbox 1087 725 1218 777; x_wconf 86' lang='lat' dir='ltr'>filum</span> <span class='ocrx_word' id='word_1_63' title='bbox 1253 738 1426 793; x_wconf 88' lang='lat' dir='ltr'>puncto</span> <span class='ocrx_word' id='word_1_64' title='bbox 1459 730 1505 778; x_wconf 89' lang='lat' dir='ltr'><em>A</em></span> <span class='ocrx_word' id='word_1_65' title='bbox 1523 731 1773 793; x_wconf 18' lang='lat' dir='ltr'>,alligatum</span> <span class='ocrx_word' id='word_1_66' title='bbox 1803 746 1939 794; x_wconf 85' lang='lat' dir='ltr'>super</span> <span class='ocrx_word' id='word_1_67' title='bbox 1975 733 2012 780; x_wconf 86' lang='lat' dir='ltr'><em>C</em></span> <span class='ocrx_word' id='word_1_68' title='bbox 2044 733 2329 793; x_wconf 71' lang='lat' dir='ltr'><strong>traducatur,</strong></span> <span class='ocrx_word' id='word_1_69' title='bbox 2379 737 2515 799; x_wconf 65' lang='lat' dir='ltr'>eique?</span> <span class='ocrx_word' id='word_1_70' title='bbox 2544 735 2649 784; x_wconf 89' lang='lat' dir='ltr'>dein</span> <span class='ocrx_word' id='word_1_71' title='bbox 2682 738 2768 785; x_wconf 89' lang='lat' dir='ltr'>alia</span> 
     </span>
     <span class='ocr_line' id='line_1_7' title="bbox 0 813 2768 898; baseline -0.011 -2"><span class='ocrx_word' id='word_1_72' title='bbox 0 813 12 898; x_wconf 26' lang='lat'>³.</span> <span class='ocrx_word' id='word_1_73' title='bbox 69 835 207 892; x_wconf 56' lang='grc'>31911116</span> <span class='ocrx_word' id='word_1_74' title='bbox 226 829 326 876; x_wconf 58' lang='lat'>&#39;³¹5³</span> <span class='ocrx_word' id='word_1_75' title='bbox 361 825 560 889; x_wconf 66' lang='lat' dir='ltr'>P⁰¹¹d0f³</span> <span class='ocrx_word' id='word_1_76' title='bbox 592 822 925 887; x_wconf 56' lang='lat' dir='ltr'>appendantur,</span> <span class='ocrx_word' id='word_1_77' title='bbox 960 821 1106 874; x_wconf 71' lang='lat' dir='ltr'>donec</span> <span class='ocrx_word' id='word_1_78' title='bbox 1124 823 1445 885; x_wconf 64' lang='lat' dir='ltr'>aequilibrium</span> <span class='ocrx_word' id='word_1_79' title='bbox 1471 824 1740 874; x_wconf 75' lang='lat' dir='ltr'><strong>obtineatur.</strong></span> <span class='ocrx_word' id='word_1_80' title='bbox 1793 824 1891 874; x_wconf 84' lang='lat' dir='ltr'>Erit</span> <span class='ocrx_word' id='word_1_81' title='bbox 1916 832 2017 872; x_wconf 91' lang='lat' dir='ltr'>tum</span> <span class='ocrx_word' id='word_1_82' title='bbox 2043 826 2220 888; x_wconf 87' lang='lat' dir='ltr'>pondus</span> <span class='ocrx_word' id='word_1_83' title='bbox 2245 829 2290 875; x_wconf 92' lang='lat' dir='ltr'><em>P</em></span> <span class='ocrx_word' id='word_1_84' title='bbox 2313 829 2499 891; x_wconf 77' lang='lat' dir='ltr'>aequale</span> <span class='ocrx_word' id='word_1_85' title='bbox 2525 832 2768 892; x_wconf 63' lang='lat' dir='ltr'>potentiae,</span> 
     </span>
     <span class='ocr_line' id='line_1_8' title="bbox 68 914 2768 988; baseline 0 -18"><span class='ocrx_word' id='word_1_86' title='bbox 68 930 284 986; x_wconf 91' lang='lat' dir='ltr'>punctum</span> <span class='ocrx_word' id='word_1_87' title='bbox 315 920 361 970; x_wconf 92' lang='lat' dir='ltr'>A</span> <span class='ocrx_word' id='word_1_88' title='bbox 395 917 644 970; x_wconf 84' lang='lat' dir='ltr'>secundum</span> <span class='ocrx_word' id='word_1_89' title='bbox 669 914 768 967; x_wconf 85' lang='grc' dir='ltr'><em>ΑΒ</em></span> <span class='ocrx_word' id='word_1_90' title='bbox 779 916 990 967; x_wconf 84' lang='lat' dir='ltr'>trahenti.</span> <span class='ocrx_word' id='word_1_91' title='bbox 1020 915 1259 981; x_wconf 81' lang='lat' dir='ltr'>,Trahitur</span> <span class='ocrx_word' id='word_1_92' title='bbox 1284 918 1415 966; x_wconf 79' lang='lat' dir='ltr'>enim,</span> <span class='ocrx_word' id='word_1_93' title='bbox 1427 914 1481 965; x_wconf 90' lang='lat' dir='ltr'><em>A</em></span> <span class='ocrx_word' id='word_1_94' title='bbox 1497 929 1654 965; x_wconf 83' lang='lat' dir='ltr'>versus</span> <span class='ocrx_word' id='word_1_95' title='bbox 1680 915 1764 965; x_wconf 90' lang='lat' dir='ltr'>AC</span> <span class='ocrx_word' id='word_1_96' title='bbox 1795 918 1867 974; x_wconf 90' lang='lat' dir='ltr'>vi,</span> <span class='ocrx_word' id='word_1_97' title='bbox 1892 932 2012 980; x_wconf 87' lang='lat' dir='ltr'>quae</span> <span class='ocrx_word' id='word_1_98' title='bbox 2039 919 2243 982; x_wconf 79' lang='lat' dir='ltr'>aequalis.</span> <span class='ocrx_word' id='word_1_99' title='bbox 2261 927 2333 975; x_wconf 89' lang='lat' dir='ltr'>est</span> <span class='ocrx_word' id='word_1_100' title='bbox 2358 921 2547 984; x_wconf 85' lang='lat' dir='ltr'>ponderi</span> <span class='ocrx_word' id='word_1_101' title='bbox 2572 925 2617 978; x_wconf 90' lang='lat' dir='ltr'><strong><em>P</em></strong></span> <span class='ocrx_word' id='word_1_102' title='bbox 2645 925 2690 987; x_wconf 89' lang='lat'>(1</span> <span class='ocrx_word' id='word_1_103' title='bbox 2701 924 2768 988; x_wconf 64' lang='lat' dir='ltr'>lt).</span> 
     </span>
     <span class='ocr_line' id='line_1_9' title="bbox 67 1006 2240 1079; baseline -0.004 -15"><span class='ocrx_word' id='word_1_104' title='bbox 67 1016 140 1076; x_wconf 83' lang='lat' dir='ltr'>Et</span> <span class='ocrx_word' id='word_1_105' title='bbox 136 1016 261 1079; x_wconf 85' lang='lat' dir='ltr'>quia</span> <span class='ocrx_word' id='word_1_106' title='bbox 281 1021 369 1072; x_wconf 76' lang='lat' dir='ltr'>est</span> <span class='ocrx_word' id='word_1_107' title='bbox 399 1011 732 1074; x_wconf 79' lang='lat' dir='ltr'>aequilibrium,</span> <span class='ocrx_word' id='word_1_108' title='bbox 768 1009 888 1056; x_wconf 85' lang='lat' dir='ltr'>haec</span> <span class='ocrx_word' id='word_1_109' title='bbox 918 1010 1003 1070; x_wconf 88' lang='lat' dir='ltr'>vis</span> <span class='ocrx_word' id='word_1_110' title='bbox 1017 1010 1108 1075; x_wconf 81' lang='lat' dir='ltr'>ipsi</span> <span class='ocrx_word' id='word_1_111' title='bbox 1135 1006 1222 1056; x_wconf 88' lang='lat' dir='ltr'>AB</span> <span class='ocrx_word' id='word_1_112' title='bbox 1255 1017 1476 1072; x_wconf 85' lang='lat' dir='ltr'>aequatur</span> <span class='ocrx_word' id='word_1_113' title='bbox 1511 1007 1633 1073; x_wconf 82' lang='lat'><strong>(21).</strong></span> <span class='ocrx_word' id='word_1_114' title='bbox 1688 1009 1742 1066; x_wconf 87' lang='lat' dir='ltr'>Q.</span> <span class='ocrx_word' id='word_1_115' title='bbox 1770 1010 1827 1058; x_wconf 91' lang='grc' dir='ltr'>Ε.</span> <span class='ocrx_word' id='word_1_116' title='bbox 1850 1009 1918 1057; x_wconf 94' lang='lat' dir='ltr'>F.·</span> <span class='ocrx_word' id='word_1_117' title='bbox 2237 1070 2240 1073; x_wconf 12' lang='grc' dir='ltr'><em>Δ</em></span> 
     </span>
    </p>

    <p class='ocr_par' dir='ltr' id='par_1_5' title="bbox 16 1074 2769 1359">
     <span class='ocr_line' id='line_1_10' title="bbox 150 1074 2769 1172; baseline 0.001 -18.056"><span class='ocrx_word' id='word_1_118' title='bbox 150 1110 276 1155; x_wconf 87' lang='grc'>23.</span> <span class='ocrx_word' id='word_1_119' title='bbox 338 1111 558 1152; x_wconf 79' lang='lat' dir='ltr'>coron.</span> <span class='ocrx_word' id='word_1_120' title='bbox 610 1104 706 1150; x_wconf 91' lang='lat' dir='ltr'>Hoc</span> <span class='ocrx_word' id='word_1_121' title='bbox 747 1118 857 1165; x_wconf 89' lang='lat' dir='ltr'>ergo</span> <span class='ocrx_word' id='word_1_122' title='bbox 891 1101 1030 1150; x_wconf 92' lang='lat' dir='ltr'>modo</span> <span class='ocrx_word' id='word_1_123' title='bbox 1065 1117 1224 1149; x_wconf 91' lang='lat' dir='ltr'>omnes</span> <span class='ocrx_word' id='word_1_124' title='bbox 1258 1099 1485 1165; x_wconf 85' lang='lat' dir='ltr'>potentiae</span> <span class='ocrx_word' id='word_1_125' title='bbox 1518 1103 1574 1150; x_wconf 90' lang='lat' dir='ltr'>ad</span> <span class='ocrx_word' id='word_1_126' title='bbox 1608 1102 1837 1167; x_wconf 87' lang='lat' dir='ltr'>pondera</span> <span class='ocrx_word' id='word_1_127' title='bbox 1847 1102 2003 1152; x_wconf 86' lang='lat' dir='ltr'>reduci</span> <span class='ocrx_word' id='word_1_128' title='bbox 2038 1074 2258 1168; x_wconf 76' lang='lat' dir='ltr'>possunt,</span> <span class='ocrx_word' id='word_1_129' title='bbox 2277 1122 2403 1155; x_wconf 92' lang='lat' dir='ltr'>cum</span> <span class='ocrx_word' id='word_1_130' title='bbox 2433 1108 2627 1156; x_wconf 84' lang='lat' dir='ltr'>inveniri</span> <span class='ocrx_word' id='word_1_131' title='bbox 2661 1124 2769 1172; x_wconf 79' lang='lat' dir='ltr'>pos·-</span> 
     </span>
     <span class='ocr_line' id='line_1_11' title="bbox 66 1167 1409 1279; baseline -0.005 -29"><span class='ocrx_word' id='word_1_132' title='bbox 66 1167 156 1252; x_wconf 89' lang='lat' dir='ltr'>sint</span> <span class='ocrx_word' id='word_1_133' title='bbox 188 1200 390 1265; x_wconf 88' lang='lat' dir='ltr'>pondera</span> <span class='ocrx_word' id='word_1_134' title='bbox 425 1199 612 1246; x_wconf 88' lang='lat' dir='ltr'>cuilibet</span> <span class='ocrx_word' id='word_1_135' title='bbox 643 1198 771 1245; x_wconf 87' lang='lat' dir='ltr'>datae</span> <span class='ocrx_word' id='word_1_136' title='bbox 809 1198 1034 1259; x_wconf 89' lang='lat' dir='ltr'>potentiae</span> <span class='ocrx_word' id='word_1_137' title='bbox 1056 1197 1409 1279; x_wconf 79' lang='lat' dir='ltr'>aequivalentia.</span> 
     </span>
     <span class='ocr_line' id='line_1_12' title="bbox 16 1252 2769 1365; baseline 0.001 -25"><span class='ocrx_word' id='word_1_138' title='bbox 16 1358 20 1359; x_wconf 19' lang='lat'><em>⁷</em></span> <span class='ocrx_word' id='word_1_139' title='bbox 195 1298 274 1342; x_wconf 75' lang='grc' dir='ltr'><strong>2ῐι.</strong></span> <span class='ocrx_word' id='word_1_140' title='bbox 330 1298 612 1341; x_wconf 77' lang='lat' dir='ltr'>Definitio</span> <span class='ocrx_word' id='word_1_141' title='bbox 637 1301 688 1342; x_wconf 81' lang='grc'><strong>6.</strong></span> <span class='ocrx_word' id='word_1_142' title='bbox 748 1292 951 1338; x_wconf 81' lang='lat' dir='ltr'>Potentia</span> <span class='ocrx_word' id='word_1_143' title='bbox 985 1306 1015 1337; x_wconf 88' lang='grc' dir='ltr'><em>α</em></span> <span class='ocrx_word' id='word_1_144' title='bbox 1046 1293 1251 1354; x_wconf 77' lang='lat' dir='ltr'>aequalis</span> <span class='ocrx_word' id='word_1_145' title='bbox 1284 1274 1456 1365; x_wconf 83' lang='lat' dir='ltr'>dicitur</span> <span class='ocrx_word' id='word_1_146' title='bbox 1489 1270 1665 1338; x_wconf 84' lang='lat' dir='ltr'>duabus</span> <span class='ocrx_word' id='word_1_147' title='bbox 1685 1252 1819 1349; x_wconf 87' lang='lat' dir='ltr'>aliis,</span> <span class='ocrx_word' id='word_1_148' title='bbox 1872 1293 1899 1338; x_wconf 82' lang='lat' dir='ltr'><strong><em>b</em></strong></span> <span class='ocrx_word' id='word_1_149' title='bbox 1935 1300 1981 1339; x_wconf 90' lang='lat' dir='ltr'>et</span> <span class='ocrx_word' id='word_1_150' title='bbox 2015 1308 2059 1351; x_wconf 90' lang='lat' dir='ltr'>c,</span> <span class='ocrx_word' id='word_1_151' title='bbox 2113 1293 2246 1340; x_wconf 90' lang='lat' dir='ltr'>simul</span> <span class='ocrx_word' id='word_1_152' title='bbox 2280 1296 2458 1352; x_wconf 92' lang='lat' dir='ltr'>sumtis,</span> <span class='ocrx_word' id='word_1_153' title='bbox 2510 1296 2546 1341; x_wconf 93' lang='lat' dir='ltr'>si</span> <span class='ocrx_word' id='word_1_154' title='bbox 2581 1294 2707 1343; x_wconf 89' lang='lat' dir='ltr'>hisce</span> <span class='ocrx_word' id='word_1_155' title='bbox 2742 1298 2769 1342; x_wconf 79' lang='lat' dir='ltr'><strong><em>b</em></strong></span> 
     </span>
    </p>

    <p class='ocr_par' dir='ltr' id='par_1_6' title="bbox 63 1365 2770 1543">
     <span class='ocr_line' id='line_1_13' title="bbox 63 1365 2770 1479; baseline -0.001 -41"><span class='ocrx_word' id='word_1_156' title='bbox 63 1398 110 1438; x_wconf 92' lang='lat' dir='ltr'>et</span> <span class='ocrx_word' id='word_1_157' title='bbox 142 1406 185 1447; x_wconf 89' lang='lat' dir='ltr'>c,</span> <span class='ocrx_word' id='word_1_158' title='bbox 224 1396 391 1452; x_wconf 89' lang='lat' dir='ltr'>puncto</span> <span class='ocrx_word' id='word_1_159' title='bbox 428 1386 473 1434; x_wconf 90' lang='lat' dir='ltr'><em>A</em></span> <span class='ocrx_word' id='word_1_160' title='bbox 509 1386 628 1450; x_wconf 86' lang='lat' dir='ltr'>(Fig.</span> <span class='ocrx_word' id='word_1_161' title='bbox 669 1385 718 1449; x_wconf 90' lang='lat'>5)</span> <span class='ocrx_word' id='word_1_162' title='bbox 757 1384 1007 1446; x_wconf 89' lang='lat' dir='ltr'>secundum</span> <span class='ocrx_word' id='word_1_163' title='bbox 1042 1384 1316 1432; x_wconf 87' lang='lat' dir='ltr'>directiones</span> <span class='ocrx_word' id='word_1_164' title='bbox 1349 1367 1455 1443; x_wconf 90' lang='lat' dir='ltr'>AB,</span> <span class='ocrx_word' id='word_1_165' title='bbox 1491 1383 1593 1445; x_wconf 87' lang='lat' dir='ltr'>AC,</span> <span class='ocrx_word' id='word_1_166' title='bbox 1630 1365 1748 1431; x_wconf 86' lang='lat' dir='ltr'>inter</span> <span class='ocrx_word' id='word_1_167' title='bbox 1781 1401 1827 1432; x_wconf 91' lang='lat' dir='ltr'>se</span> <span class='ocrx_word' id='word_1_168' title='bbox 1855 1387 2106 1462; x_wconf 83' lang='lat' dir='ltr'>parallelas</span> <span class='ocrx_word' id='word_1_169' title='bbox 2117 1395 2163 1434; x_wconf 90' lang='lat' dir='ltr'>et</span> <span class='ocrx_word' id='word_1_170' title='bbox 2189 1388 2496 1477; x_wconf 82' lang='lat' dir='ltr'>coincidentes</span> <span class='ocrx_word' id='word_1_171' title='bbox 2521 1390 2770 1479; x_wconf 84' lang='lat' dir='ltr'>applicatis,</span> 
     </span>
     <span class='ocr_line' id='line_1_14' title="bbox 63 1459 2734 1543; baseline -0.002 -10"><span class='ocrx_word' id='word_1_172' title='bbox 63 1486 139 1533; x_wconf 88' lang='lat' dir='ltr'>illa</span> <span class='ocrx_word' id='word_1_173' title='bbox 174 1500 227 1541; x_wconf 83' lang='lat' dir='ltr'>a,</span> <span class='ocrx_word' id='word_1_174' title='bbox 263 1474 433 1530; x_wconf 86' lang='lat' dir='ltr'>directe</span> <span class='ocrx_word' id='word_1_175' title='bbox 469 1474 694 1528; x_wconf 85' lang='lat' dir='ltr'>contrarie</span> <span class='ocrx_word' id='word_1_176' title='bbox 730 1462 952 1542; x_wconf 87' lang='lat' dir='ltr'>applicata</span> <span class='ocrx_word' id='word_1_177' title='bbox 980 1459 1112 1542; x_wconf 84' lang='lat' dir='ltr'>juxta</span> <span class='ocrx_word' id='word_1_178' title='bbox 1127 1470 1234 1526; x_wconf 78' lang='lat' dir='ltr'>AD</span> <span class='ocrx_word' id='word_1_179' title='bbox 1268 1493 1371 1526; x_wconf 91' lang='lat' dir='ltr'>cum</span> <span class='ocrx_word' id='word_1_180' title='bbox 1406 1479 1529 1526; x_wconf 88' lang='lat' dir='ltr'>hisce</span> <span class='ocrx_word' id='word_1_181' title='bbox 1565 1471 1610 1525; x_wconf 88' lang='lat' dir='ltr'>in</span> <span class='ocrx_word' id='word_1_182' title='bbox 1645 1480 1909 1542; x_wconf 85' lang='lat' dir='ltr'>aequilibrio</span> <span class='ocrx_word' id='word_1_183' title='bbox 1943 1470 2169 1529; x_wconf 79' lang='lat' dir='ltr'>consistit.</span> <span class='ocrx_word' id='word_1_184' title='bbox 2732 1541 2734 1543; x_wconf 13' lang='grc' dir='ltr'><strong>ι</strong></span> 
     </span>
    </p>

    <p class='ocr_par' dir='ltr' id='par_1_7' title="bbox 62 1573 2771 1721">
     <span class='ocr_line' id='line_1_15' title="bbox 193 1573 2771 1680; baseline -0 -55"><span class='ocrx_word' id='word_1_185' title='bbox 193 1580 272 1625; x_wconf 89' lang='grc'>25.</span> <span class='ocrx_word' id='word_1_186' title='bbox 327 1582 551 1623; x_wconf 74' lang='lat' dir='ltr'>col-011.</span> <span class='ocrx_word' id='word_1_187' title='bbox 609 1575 726 1621; x_wconf 91' lang='lat' dir='ltr'>Hinc</span> <span class='ocrx_word' id='word_1_188' title='bbox 767 1575 1035 1648; x_wconf 83' lang='lat' dir='ltr'>innotescit,</span> <span class='ocrx_word' id='word_1_189' title='bbox 1085 1573 1195 1637; x_wconf 91' lang='lat' dir='ltr'>quid</span> <span class='ocrx_word' id='word_1_190' title='bbox 1236 1575 1295 1620; x_wconf 91' lang='lat' dir='ltr'>sit</span> <span class='ocrx_word' id='word_1_191' title='bbox 1334 1576 1535 1636; x_wconf 88' lang='lat' dir='ltr'>potentia</span> <span class='ocrx_word' id='word_1_192' title='bbox 1577 1573 1736 1638; x_wconf 90' lang='lat' dir='ltr'>dupla,</span> <span class='ocrx_word' id='word_1_193' title='bbox 1788 1575 1921 1680; x_wconf 88' lang='lat' dir='ltr'>tripla</span> <span class='ocrx_word' id='word_1_194' title='bbox 1961 1583 2051 1623; x_wconf 92' lang='lat' dir='ltr'>etc.</span> <span class='ocrx_word' id='word_1_195' title='bbox 2093 1591 2253 1676; x_wconf 84' lang='lat' dir='ltr'>nempe</span> <span class='ocrx_word' id='word_1_196' title='bbox 2295 1577 2332 1623; x_wconf 91' lang='lat' dir='ltr'>si</span> <span class='ocrx_word' id='word_1_197' title='bbox 2371 1578 2431 1623; x_wconf 89' lang='lat' dir='ltr'>sit</span> <span class='ocrx_word' id='word_1_198' title='bbox 2464 1577 2635 1635; x_wconf 85' lang='lat' dir='ltr'>c=b,</span> <span class='ocrx_word' id='word_1_199' title='bbox 2684 1580 2771 1624; x_wconf 88' lang='lat' dir='ltr'>erit</span> 
     </span>
     <span class='ocr_line' id='line_1_16' title="bbox 62 1669 2617 1726; baseline -0.004 -5"><span class='ocrx_word' id='word_1_200' title='bbox 62 1667 1061 1726; x_wconf 73' lang='lat' dir='ltr'>a=2b3sic—2b,er1ta—3betc.</span> <span class='ocrx_word' id='word_1_201' title='bbox 2615 1672 2617 1674; x_wconf 74' lang='grc'><strong><em>’</em></strong></span> 
     </span>
    </p>

    <p class='ocr_par' dir='ltr' id='par_1_8' title="bbox 59 1749 2770 2192">
     <span class='ocr_line' id='line_1_17' title="bbox 191 1749 2768 1827; baseline 0 -14"><span class='ocrx_word' id='word_1_202' title='bbox 191 1769 272 1814; x_wconf 82' lang='grc'>26.</span> <span class='ocrx_word' id='word_1_203' title='bbox 323 1768 703 1822; x_wconf 77' lang='lat' dir='ltr'>nypothesis.</span> <span class='ocrx_word' id='word_1_204' title='bbox 759 1763 988 1811; x_wconf 87' lang='lat' dir='ltr'>Potentiae</span> <span class='ocrx_word' id='word_1_205' title='bbox 1029 1764 1076 1809; x_wconf 92' lang='lat' dir='ltr'>in</span> <span class='ocrx_word' id='word_1_206' title='bbox 1115 1769 1348 1824; x_wconf 89' lang='lat' dir='ltr'>posterum</span> <span class='ocrx_word' id='word_1_207' title='bbox 1383 1761 1745 1826; x_wconf 88' lang='lat' dir='ltr'>designabuntur</span> <span class='ocrx_word' id='word_1_208' title='bbox 1783 1779 1864 1827; x_wconf 90' lang='lat' dir='ltr'>per</span> <span class='ocrx_word' id='word_1_209' title='bbox 1897 1764 2041 1812; x_wconf 88' lang='lat' dir='ltr'>lineas</span> <span class='ocrx_word' id='word_1_210' title='bbox 2069 1749 2218 1812; x_wconf 88' lang='lat' dir='ltr'>rectas</span> <span class='ocrx_word' id='word_1_211' title='bbox 2250 1765 2297 1812; x_wconf 86' lang='lat' dir='ltr'>iu</span> <span class='ocrx_word' id='word_1_212' title='bbox 2331 1780 2486 1813; x_wconf 89' lang='lat' dir='ltr'>earum</span> <span class='ocrx_word' id='word_1_213' title='bbox 2519 1752 2768 1815; x_wconf 86' lang='lat' dir='ltr'>directione</span> 
     </span>
     <span class='ocr_line' id='line_1_18' title="bbox 61 1843 2770 1931; baseline -0.001 -20"><span class='ocrx_word' id='word_1_214' title='bbox 61 1848 229 1931; x_wconf 84' lang='lat' dir='ltr'>sumtas</span> <span class='ocrx_word' id='word_1_215' title='bbox 261 1844 571 1922; x_wconf 79' lang='lat' dir='ltr'>rationemque</span> <span class='ocrx_word' id='word_1_216' title='bbox 606 1860 802 1921; x_wconf 89' lang='lat' dir='ltr'>ipsarum</span> <span class='ocrx_word' id='word_1_217' title='bbox 836 1858 1143 1920; x_wconf 89' lang='lat' dir='ltr'>potentiarum</span> <span class='ocrx_word' id='word_1_218' title='bbox 1179 1863 1429 1914; x_wconf 81' lang='lat' dir='ltr'>servanteS‚</span> <span class='ocrx_word' id='word_1_219' title='bbox 1471 1865 1525 1904; x_wconf 92' lang='lat' dir='ltr'>ut</span> <span class='ocrx_word' id='word_1_220' title='bbox 1559 1859 1758 1920; x_wconf 88' lang='lat' dir='ltr'>potentia</span> <span class='ocrx_word' id='word_1_221' title='bbox 1793 1857 1928 1921; x_wconf 87' lang='lat' dir='ltr'>dupla</span> <span class='ocrx_word' id='word_1_222' title='bbox 1961 1874 2044 1922; x_wconf 90' lang='lat' dir='ltr'>per</span> <span class='ocrx_word' id='word_1_223' title='bbox 2075 1859 2240 1906; x_wconf 82' lang='lat' dir='ltr'>lineam</span> <span class='ocrx_word' id='word_1_224' title='bbox 2274 1843 2477 1923; x_wconf 85' lang='lat' dir='ltr'>duplam,</span> <span class='ocrx_word' id='word_1_225' title='bbox 2519 1858 2654 1923; x_wconf 90' lang='lat' dir='ltr'>tripla</span> <span class='ocrx_word' id='word_1_226' title='bbox 2689 1876 2770 1924; x_wconf 89' lang='lat' dir='ltr'>per</span> 
     </span>
     <span class='ocr_line' id='line_1_19' title="bbox 59 1937 2768 2027; baseline -0.001 -25"><span class='ocrx_word' id='word_1_227' title='bbox 59 1951 240 2017; x_wconf 83' lang='lat' dir='ltr'>triplam</span> <span class='ocrx_word' id='word_1_228' title='bbox 273 1959 541 2016; x_wconf 81' lang='lat' dir='ltr'>exponetur3</span> <span class='ocrx_word' id='word_1_229' title='bbox 591 1958 639 1999; x_wconf 90' lang='lat' dir='ltr'>et</span> <span class='ocrx_word' id='word_1_230' title='bbox 674 1945 965 2027; x_wconf 84' lang='lat' dir='ltr'>generaliter,</span> <span class='ocrx_word' id='word_1_231' title='bbox 1018 1952 1056 1997; x_wconf 92' lang='lat' dir='ltr'>si</span> <span class='ocrx_word' id='word_1_232' title='bbox 1096 1949 1198 1998; x_wconf 91' lang='lat' dir='ltr'>dico</span> <span class='ocrx_word' id='word_1_233' title='bbox 1243 1948 1362 2013; x_wconf 85' lang='lat' dir='ltr'>(Fig.</span> <span class='ocrx_word' id='word_1_234' title='bbox 1400 1949 1452 2014; x_wconf 82' lang='lat'>6)</span> <span class='ocrx_word' id='word_1_235' title='bbox 1489 1958 1659 2012; x_wconf 89' lang='lat' dir='ltr'>puncto</span> <span class='ocrx_word' id='word_1_236' title='bbox 1691 1949 1738 1999; x_wconf 91' lang='lat' dir='ltr'><em>A</em></span> <span class='ocrx_word' id='word_1_237' title='bbox 1771 1951 1885 1999; x_wconf 84' lang='lat' dir='ltr'>duas</span> <span class='ocrx_word' id='word_1_238' title='bbox 1913 1954 2138 2015; x_wconf 85' lang='lat' dir='ltr'>potentias</span> <span class='ocrx_word' id='word_1_239' title='bbox 2171 1949 2261 2000; x_wconf 90' lang='lat' dir='ltr'>AB</span> <span class='ocrx_word' id='word_1_240' title='bbox 2293 1959 2339 2013; x_wconf 88' lang='lat' dir='ltr'>et</span> <span class='ocrx_word' id='word_1_241' title='bbox 2370 1949 2456 2000; x_wconf 83' lang='lat' dir='ltr'><em>Ac</em></span> <span class='ocrx_word' id='word_1_242' title='bbox 2489 1937 2768 2016; x_wconf 56' lang='grc' dir='ltr'><strong>εεεθέιρρΙί-</strong></span> 
     </span>
     <span class='ocr_line' id='line_1_20' title="bbox 61 2043 2767 2133; baseline -0.001 -37"><span class='ocrx_word' id='word_1_243' title='bbox 61 2050 206 2106; x_wconf 88' lang='lat' dir='ltr'>catas,</span> <span class='ocrx_word' id='word_1_244' title='bbox 258 2047 363 2095; x_wconf 86' lang='lat' dir='ltr'>inde</span> <span class='ocrx_word' id='word_1_245' title='bbox 400 2047 599 2127; x_wconf 82' lang='lat' dir='ltr'>intelligi</span> <span class='ocrx_word' id='word_1_246' title='bbox 643 2045 779 2092; x_wconf 89' lang='lat' dir='ltr'>debet</span> <span class='ocrx_word' id='word_1_247' title='bbox 816 2045 994 2121; x_wconf 84' lang='lat' dir='ltr'>trahere</span> <span class='ocrx_word' id='word_1_248' title='bbox 1038 2061 1112 2092; x_wconf 89' lang='lat' dir='ltr'>eas</span> <span class='ocrx_word' id='word_1_249' title='bbox 1154 2043 1403 2092; x_wconf 91' lang='lat' dir='ltr'>secundum</span> <span class='ocrx_word' id='word_1_250' title='bbox 1444 2045 1718 2092; x_wconf 88' lang='lat' dir='ltr'>directiones</span> <span class='ocrx_word' id='word_1_251' title='bbox 1753 2045 1839 2092; x_wconf 89' lang='grc' dir='ltr'><em>ΑΒ</em></span> <span class='ocrx_word' id='word_1_252' title='bbox 1871 2054 1917 2093; x_wconf 90' lang='lat' dir='ltr'>et</span> <span class='ocrx_word' id='word_1_253' title='bbox 1951 2043 2059 2103; x_wconf 84' lang='lat' dir='ltr'>AC,</span> <span class='ocrx_word' id='word_1_254' title='bbox 2099 2054 2147 2094; x_wconf 91' lang='lat' dir='ltr'>et</span> <span class='ocrx_word' id='word_1_255' title='bbox 2179 2053 2277 2133; x_wconf 82' lang='lat' dir='ltr'>esse</span> <span class='ocrx_word' id='word_1_256' title='bbox 2311 2049 2429 2094; x_wconf 88' lang='lat' dir='ltr'>inter</span> <span class='ocrx_word' id='word_1_257' title='bbox 2460 2063 2508 2095; x_wconf 91' lang='lat' dir='ltr'>se</span> <span class='ocrx_word' id='word_1_258' title='bbox 2542 2054 2594 2094; x_wconf 90' lang='lat' dir='ltr'>ut</span> <span class='ocrx_word' id='word_1_259' title='bbox 2627 2048 2767 2114; x_wconf 84' lang='lat' dir='ltr'>lineas</span> 
     </span>
     <span class='ocr_line' id='line_1_21' title="bbox 60 2130 433 2211; baseline -0.008 -19"><span class='ocrx_word' id='word_1_260' title='bbox 60 2130 163 2192; x_wconf 81' lang='grc' dir='ltr'><em>ΑΒ</em></span> <span class='ocrx_word' id='word_1_261' title='bbox 179 2148 226 2211; x_wconf 77' lang='lat' dir='ltr'>et</span> <span class='ocrx_word' id='word_1_262' title='bbox 259 2138 354 2190; x_wconf 90' lang='lat' dir='ltr'>AC.</span> <span class='ocrx_word' id='word_1_263' title='bbox 429 2149 433 2157; x_wconf 88' lang='grc'><em>“</em></span> 
     </span>
    </p>

    <p class='ocr_par' dir='ltr' id='par_1_9' title="bbox 55 2210 2790 2862">
     <span class='ocr_line' id='line_1_22' title="bbox 166 2210 2765 2297; baseline -0.002 -13.963"><span class='ocrx_word' id='word_1_264' title='bbox 166 2238 270 2283; x_wconf 89' lang='grc'>27.</span> <span class='ocrx_word' id='word_1_265' title='bbox 332 2237 632 2282; x_wconf 75' lang='lat' dir='ltr'>Scholion.</span> <span class='ocrx_word' id='word_1_266' title='bbox 691 2233 883 2281; x_wconf 88' lang='lat' dir='ltr'>Possunt</span> <span class='ocrx_word' id='word_1_267' title='bbox 917 2235 1052 2279; x_wconf 86' lang='lat' dir='ltr'>etiam</span> <span class='ocrx_word' id='word_1_268' title='bbox 1086 2210 1314 2295; x_wconf 85' lang='lat' dir='ltr'>potentiae</span> <span class='ocrx_word' id='word_1_269' title='bbox 1347 2232 1437 2280; x_wconf 91' lang='lat' dir='ltr'>hoc</span> <span class='ocrx_word' id='word_1_270' title='bbox 1470 2232 1606 2280; x_wconf 90' lang='lat' dir='ltr'>modo</span> <span class='ocrx_word' id='word_1_271' title='bbox 1641 2236 1842 2297; x_wconf 91' lang='lat' dir='ltr'>concipi,</span> <span class='ocrx_word' id='word_1_272' title='bbox 1877 2234 2255 2297; x_wconf 86' lang='lat' dir='ltr'>quemadmodum</span> <span class='ocrx_word' id='word_1_273' title='bbox 2289 2251 2365 2282; x_wconf 89' lang='lat' dir='ltr'>eas</span> <span class='ocrx_word' id='word_1_274' title='bbox 2396 2233 2692 2283; x_wconf 87' lang='lat' dir='ltr'>considerabo</span> <span class='ocrx_word' id='word_1_275' title='bbox 2720 2220 2765 2279; x_wconf 82' lang='lat' dir='ltr'>in</span> 
     </span>
     <span class='ocr_line' id='line_1_23' title="bbox 60 2316 2761 2391; baseline -0.001 -13"><span class='ocrx_word' id='word_1_276' title='bbox 60 2316 442 2378; x_wconf 87' lang='lat' dir='ltr'>demonstratione</span> <span class='ocrx_word' id='word_1_277' title='bbox 484 2329 712 2391; x_wconf 88' lang='lat' dir='ltr'>sequentis</span> <span class='ocrx_word' id='word_1_278' title='bbox 744 2326 1054 2374; x_wconf 88' lang='lat' dir='ltr'>theorematis.</span> <span class='ocrx_word' id='word_1_279' title='bbox 1123 2325 1170 2372; x_wconf 91' lang='lat' dir='ltr'>Si</span> <span class='ocrx_word' id='word_1_280' title='bbox 1209 2324 1342 2388; x_wconf 91' lang='lat' dir='ltr'>(Fig.</span> <span class='ocrx_word' id='word_1_281' title='bbox 1369 2325 1420 2390; x_wconf 90' lang='grc'>7)</span> <span class='ocrx_word' id='word_1_282' title='bbox 1456 2334 1624 2389; x_wconf 90' lang='lat' dir='ltr'>puncto</span> <span class='ocrx_word' id='word_1_283' title='bbox 1657 2324 1703 2374; x_wconf 90' lang='lat' dir='ltr'><em>A</em></span> <span class='ocrx_word' id='word_1_284' title='bbox 1735 2319 1958 2390; x_wconf 84' lang='lat' dir='ltr'>applicata</span> <span class='ocrx_word' id='word_1_285' title='bbox 1991 2326 2129 2374; x_wconf 85' lang='lat' dir='ltr'>fuerit</span> <span class='ocrx_word' id='word_1_286' title='bbox 2167 2331 2369 2390; x_wconf 87' lang='lat' dir='ltr'>potentia</span> <span class='ocrx_word' id='word_1_287' title='bbox 2403 2327 2512 2385; x_wconf 91' lang='grc' dir='ltr'>ΑΒ,</span> <span class='ocrx_word' id='word_1_288' title='bbox 2557 2321 2761 2389; x_wconf 89' lang='lat' dir='ltr'>concipio</span> 
     </span>
     <span class='ocr_line' id='line_1_24' title="bbox 55 2395 2762 2485; baseline -0.003 -14"><span class='ocrx_word' id='word_1_289' title='bbox 55 2419 103 2472; x_wconf 52' lang='grc' dir='ltr'>ἐἰ</span> <span class='ocrx_word' id='word_1_290' title='bbox 136 2421 402 2471; x_wconf 84' lang='lat' dir='ltr'>normaliter</span> <span class='ocrx_word' id='word_1_291' title='bbox 427 2422 637 2485; x_wconf 85' lang='lat' dir='ltr'>junctam</span> <span class='ocrx_word' id='word_1_292' title='bbox 672 2433 769 2466; x_wconf 89' lang='lat' dir='ltr'>esse</span> <span class='ocrx_word' id='word_1_293' title='bbox 806 2419 909 2476; x_wconf 91' lang='lat' dir='ltr'>CD,</span> <span class='ocrx_word' id='word_1_294' title='bbox 954 2434 1068 2482; x_wconf 90' lang='lat' dir='ltr'>quae</span> <span class='ocrx_word' id='word_1_295' title='bbox 1105 2434 1210 2465; x_wconf 91' lang='lat' dir='ltr'>cum</span> <span class='ocrx_word' id='word_1_296' title='bbox 1231 2395 1338 2465; x_wconf 15' lang='lat' dir='ltr'>*basi</span> <span class='ocrx_word' id='word_1_297' title='bbox 1372 2418 1456 2464; x_wconf 90' lang='lat' dir='ltr'>EF</span> <span class='ocrx_word' id='word_1_298' title='bbox 1486 2418 1698 2466; x_wconf 84' lang='lat' dir='ltr'>cohaeret</span> <span class='ocrx_word' id='word_1_299' title='bbox 1732 2419 1937 2481; x_wconf 90' lang='lat' dir='ltr'>pluribus</span> <span class='ocrx_word' id='word_1_300' title='bbox 1976 2415 2065 2466; x_wconf 85' lang='lat' dir='ltr'>filis</span> <span class='ocrx_word' id='word_1_301' title='bbox 2100 2420 2196 2478; x_wconf 72' lang='grc' dir='ltr'>ΟΕ,</span> <span class='ocrx_word' id='word_1_302' title='bbox 2221 2419 2321 2468; x_wconf 74' lang='lat' dir='ltr'>‘DF</span> <span class='ocrx_word' id='word_1_303' title='bbox 2349 2419 2762 2474; x_wconf 85' lang='lat' dir='ltr'>contractibilibus3</span> 
     </span>
     <span class='ocr_line' id='line_1_25' title="bbox 59 2492 2760 2574; baseline -0.002 -10"><span class='ocrx_word' id='word_1_304' title='bbox 59 2517 180 2565; x_wconf 89' lang='lat' dir='ltr'>unde</span> <span class='ocrx_word' id='word_1_305' title='bbox 221 2512 334 2572; x_wconf 72' lang='lat' dir='ltr'>fiet,</span> <span class='ocrx_word' id='word_1_306' title='bbox 370 2523 425 2562; x_wconf 87' lang='lat' dir='ltr'>ut¹</span> <span class='ocrx_word' id='word_1_307' title='bbox 459 2515 572 2561; x_wconf 89' lang='lat' dir='ltr'>haec</span> <span class='ocrx_word' id='word_1_308' title='bbox 615 2510 693 2560; x_wconf 87' lang='lat' dir='ltr'>fila</span> <span class='ocrx_word' id='word_1_309' title='bbox 717 2492 1005 2560; x_wconf 34' lang='lat' dir='ltr'>&#39;contrahere</span> <span class='ocrx_word' id='word_1_310' title='bbox 1045 2527 1093 2559; x_wconf 90' lang='lat' dir='ltr'>se</span> <span class='ocrx_word' id='word_1_311' title='bbox 1135 2513 1392 2574; x_wconf 88' lang='lat' dir='ltr'>quaerentia</span> <span class='ocrx_word' id='word_1_312' title='bbox 1433 2512 1606 2559; x_wconf 51' lang='lat' dir='ltr'>lincam*</span> <span class='ocrx_word' id='word_1_313' title='bbox 1634 2513 1716 2560; x_wconf 90' lang='lat' dir='ltr'>CD</span> <span class='ocrx_word' id='word_1_314' title='bbox 1748 2510 1806 2560; x_wconf 86' lang='lat' dir='ltr'>ad</span> <span class='ocrx_word' id='word_1_315' title='bbox 1839 2513 1926 2561; x_wconf 91' lang='lat' dir='ltr'>EF</span> <span class='ocrx_word' id='word_1_316' title='bbox 1951 2513 2132 2561; x_wconf 88' lang='lat' dir='ltr'>trahere</span> <span class='ocrx_word' id='word_1_317' title='bbox 2166 2520 2410 2572; x_wconf 82' lang='lat' dir='ltr'>conentur,</span> <span class='ocrx_word' id='word_1_318' title='bbox 2461 2520 2508 2560; x_wconf 90' lang='lat' dir='ltr'>et</span> <span class='ocrx_word' id='word_1_319' title='bbox 2540 2512 2629 2560; x_wconf 91' lang='lat' dir='ltr'>hoc</span> <span class='ocrx_word' id='word_1_320' title='bbox 2663 2513 2760 2574; x_wconf 88' lang='lat' dir='ltr'>ipso</span> 
     </span>
     <span class='ocr_line' id='line_1_26' title="bbox 56 2586 2790 2696; baseline -0.003 -37.995"><span class='ocrx_word' id='word_1_321' title='bbox 56 2599 283 2675; x_wconf 70' lang='lat' dir='ltr'>punctum</span> <span class='ocrx_word' id='word_1_322' title='bbox 317 2600 368 2656; x_wconf 93' lang='lat' dir='ltr'>A</span> <span class='ocrx_word' id='word_1_323' title='bbox 405 2610 450 2655; x_wconf 85' lang='lat' dir='ltr'>in</span> <span class='ocrx_word' id='word_1_324' title='bbox 490 2586 626 2655; x_wconf 75' lang='lat' dir='ltr'>linea</span> <span class='ocrx_word' id='word_1_325' title='bbox 647 2588 749 2655; x_wconf 34' lang='lat' dir='ltr'><em>AB*</em></span> <span class='ocrx_word' id='word_1_326' title='bbox 774 2621 1039 2669; x_wconf 85' lang='lat' dir='ltr'>promovere</span> <span class='ocrx_word' id='word_1_327' title='bbox 1083 2606 1375 2654; x_wconf 86' lang='lat' dir='ltr'>contendant.</span> <span class='ocrx_word' id='word_1_328' title='bbox 1445 2605 1556 2654; x_wconf 92' lang='lat' dir='ltr'>Cum</span> <span class='ocrx_word' id='word_1_329' title='bbox 1598 2606 1703 2654; x_wconf 89' lang='lat' dir='ltr'>dein</span> <span class='ocrx_word' id='word_1_330' title='bbox 1737 2621 2007 2696; x_wconf 89' lang='lat' dir='ltr'>supponam,</span> <span class='ocrx_word' id='word_1_331' title='bbox 2051 2606 2230 2669; x_wconf 90' lang='lat' dir='ltr'>singula</span> <span class='ocrx_word' id='word_1_332' title='bbox 2263 2603 2343 2654; x_wconf 84' lang='lat' dir='ltr'>fila</span> <span class='ocrx_word' id='word_1_333' title='bbox 2376 2607 2550 2669; x_wconf 88' lang='lat' dir='ltr'>aequali</span> <span class='ocrx_word' id='word_1_334' title='bbox 2583 2596 2627 2652; x_wconf 62' lang='lat' dir='ltr'>vi</span> <span class='ocrx_word' id='word_1_335' title='bbox 2651 2619 2790 2676; x_wconf 47' lang='lat' dir='ltr'>sese³</span> 
     </span>
     <span class='ocr_line' id='line_1_27' title="bbox 60 2691 2758 2775; baseline -0.002 -24"><span class='ocrx_word' id='word_1_336' title='bbox 60 2702 356 2775; x_wconf 86' lang='lat' dir='ltr'>contrahendi</span> <span class='ocrx_word' id='word_1_337' title='bbox 400 2703 571 2759; x_wconf 86' lang='lat' dir='ltr'>valere,</span> <span class='ocrx_word' id='word_1_338' title='bbox 625 2704 855 2764; x_wconf 88' lang='lat' dir='ltr'>potentiae</span> <span class='ocrx_word' id='word_1_339' title='bbox 898 2700 1104 2775; x_wconf 83' lang='lat' dir='ltr'>diversae</span> <span class='ocrx_word' id='word_1_340' title='bbox 1146 2708 1282 2747; x_wconf 90' lang='lat' dir='ltr'>erunt</span> <span class='ocrx_word' id='word_1_341' title='bbox 1320 2702 1438 2748; x_wconf 91' lang='lat' dir='ltr'>inter</span> <span class='ocrx_word' id='word_1_342' title='bbox 1479 2716 1526 2748; x_wconf 87' lang='lat' dir='ltr'>se</span> <span class='ocrx_word' id='word_1_343' title='bbox 1559 2708 1614 2748; x_wconf 89' lang='lat' dir='ltr'>ut</span> <span class='ocrx_word' id='word_1_344' title='bbox 1647 2691 1821 2748; x_wconf 88' lang='lat' dir='ltr'>numeri</span> <span class='ocrx_word' id='word_1_345' title='bbox 1855 2696 2058 2755; x_wconf 82' lang='lat' dir='ltr'>filorum3</span> <span class='ocrx_word' id='word_1_346' title='bbox 2111 2703 2175 2748; x_wconf 87' lang='lat' dir='ltr'>ita</span> <span class='ocrx_word' id='word_1_347' title='bbox 2209 2704 2262 2748; x_wconf 89' lang='lat' dir='ltr'>ut</span> <span class='ocrx_word' id='word_1_348' title='bbox 2294 2704 2542 2764; x_wconf 90' lang='lat' dir='ltr'>potentiam</span> <span class='ocrx_word' id='word_1_349' title='bbox 2579 2700 2758 2762; x_wconf 91' lang='lat' dir='ltr'>duplam</span> 
     </span>
     <span class='ocr_line' id='line_1_28' title="bbox 58 2773 2611 2866; baseline -0.003 -19.992"><span class='ocrx_word' id='word_1_350' title='bbox 58 2773 228 2862; x_wconf 85' lang='lat' dir='ltr'>&#39;duplus</span> <span class='ocrx_word' id='word_1_351' title='bbox 254 2791 443 2866; x_wconf 76' lang='lat' dir='ltr'>filorum</span> <span class='ocrx_word' id='word_1_352' title='bbox 478 2788 693 2843; x_wconf 75' lang='lat' dir='ltr'>numerus</span> <span class='ocrx_word' id='word_1_353' title='bbox 727 2792 954 2852; x_wconf 86' lang='lat' dir='ltr'>exhibeat,</span> <span class='ocrx_word' id='word_1_354' title='bbox 999 2795 1178 2857; x_wconf 89' lang='lat' dir='ltr'>triplam</span> <span class='ocrx_word' id='word_1_355' title='bbox 1212 2795 1396 2857; x_wconf 81' lang='lat' dir='ltr'>triplus,</span> <span class='ocrx_word' id='word_1_356' title='bbox 1439 2802 1528 2842; x_wconf 90' lang='lat' dir='ltr'>etc.</span> <span class='ocrx_word' id='word_1_357' title='bbox 2609 2794 2611 2797; x_wconf 77' lang='grc'>’</span> 
     </span>
    </p>

    <p class='ocr_par' dir='ltr' id='par_1_10' title="bbox 59 2889 1894 2952">
     <span class='ocr_line' id='line_1_29' title="bbox 59 2889 1894 2952; baseline -0.002 -14"><span class='ocrx_word' id='word_1_358' title='bbox 59 2893 63 2904; x_wconf 91' lang='lat'><em>&#39;</em></span> <span class='ocrx_word' id='word_1_359' title='bbox 123 2896 125 2899; x_wconf 80' lang='grc'>’</span> <span class='ocrx_word' id='word_1_360' title='bbox 191 2893 282 2938; x_wconf 90' lang='grc'><strong>28.</strong></span> <span class='ocrx_word' id='word_1_361' title='bbox 303 2896 574 2938; x_wconf 76' lang='lat' dir='ltr'>Axioma</span> <span class='ocrx_word' id='word_1_362' title='bbox 598 2899 650 2940; x_wconf 88' lang='grc'>2.</span> <span class='ocrx_word' id='word_1_363' title='bbox 703 2889 861 2938; x_wconf 91' lang='lat' dir='ltr'>Omnis</span> <span class='ocrx_word' id='word_1_364' title='bbox 896 2891 1097 2951; x_wconf 87' lang='lat' dir='ltr'>potentia</span> <span class='ocrx_word' id='word_1_365' title='bbox 1130 2896 1308 2936; x_wconf 85' lang='lat' dir='ltr'>tantum</span> <span class='ocrx_word' id='word_1_366' title='bbox 1342 2892 1439 2951; x_wconf 89' lang='lat' dir='ltr'>agit</span> <span class='ocrx_word' id='word_1_367' title='bbox 1473 2896 1692 2952; x_wconf 91' lang='lat' dir='ltr'>quantum</span> <span class='ocrx_word' id='word_1_368' title='bbox 1727 2895 1894 2952; x_wconf 88' lang='lat' dir='ltr'>potest.</span> 
     </span>
    </p>

    <p class='ocr_par' dir='ltr' id='par_1_11' title="bbox 56 2980 2760 3142">
     <span class='ocr_line' id='line_1_30' title="bbox 191 2980 2760 3046; baseline -0.002 -15"><span class='ocrx_word' id='word_1_369' title='bbox 191 2987 270 3032; x_wconf 90' lang='lat'>29.</span> <span class='ocrx_word' id='word_1_370' title='bbox 329 2989 665 3032; x_wconf 66' lang='lat' dir='ltr'>&#39;theorema</span> <span class='ocrx_word' id='word_1_371' title='bbox 697 2992 749 3033; x_wconf 86' lang='grc'>2.</span> <span class='ocrx_word' id='word_1_372' title='bbox 815 2982 915 3045; x_wconf 86' lang='lat' dir='ltr'>Fig.</span> <span class='ocrx_word' id='word_1_373' title='bbox 952 2985 997 3029; x_wconf 92' lang='lat'>8.</span> <span class='ocrx_word' id='word_1_374' title='bbox 1051 2983 1099 3029; x_wconf 85' lang='lat' dir='ltr'>Si</span> <span class='ocrx_word' id='word_1_375' title='bbox 1142 2990 1312 3044; x_wconf 90' lang='lat' dir='ltr'>puncto</span> <span class='ocrx_word' id='word_1_376' title='bbox 1354 2982 1401 3030; x_wconf 93' lang='lat' dir='ltr'>A</span> <span class='ocrx_word' id='word_1_377' title='bbox 1439 2990 1532 3029; x_wconf 89' lang='lat' dir='ltr'>tres</span> <span class='ocrx_word' id='word_1_378' title='bbox 1573 2984 1802 3045; x_wconf 85' lang='lat' dir='ltr'>potentiae</span> <span class='ocrx_word' id='word_1_379' title='bbox 1846 2980 1955 3041; x_wconf 85' lang='lat' dir='ltr'>AB,</span> <span class='ocrx_word' id='word_1_380' title='bbox 2003 2981 2113 3042; x_wconf 84' lang='lat' dir='ltr'>AC,</span> <span class='ocrx_word' id='word_1_381' title='bbox 2155 2981 2245 3032; x_wconf 93' lang='lat' dir='ltr'>AD</span> <span class='ocrx_word' id='word_1_382' title='bbox 2284 2982 2454 3032; x_wconf 88' lang='lat' dir='ltr'>fuerint</span> <span class='ocrx_word' id='word_1_383' title='bbox 2489 2983 2760 3046; x_wconf 89' lang='lat' dir='ltr'>applicatae,</span> 
     </span>
     <span class='ocr_line' id='line_1_31' title="bbox 56 3075 2694 3142; baseline -0.002 -16"><span class='ocrx_word' id='word_1_384' title='bbox 56 3078 397 3141; x_wconf 63' lang='lat' dir='ltr'>obtinueritque</span> <span class='ocrx_word' id='word_1_385' title='bbox 430 3078 766 3140; x_wconf 89' lang='lat' dir='ltr'>aequilibrium,</span> <span class='ocrx_word' id='word_1_386' title='bbox 809 3078 1113 3139; x_wconf 76' lang='lat' dir='ltr'>eritquaevis</span> <span class='ocrx_word' id='word_1_387' title='bbox 1146 3078 1346 3138; x_wconf 87' lang='lat' dir='ltr'>potentia</span> <span class='ocrx_word' id='word_1_388' title='bbox 1368 3075 1468 3125; x_wconf 83' lang='lat' dir='ltr'>AC</span> <span class='ocrx_word' id='word_1_389' title='bbox 1496 3078 1557 3124; x_wconf 87' lang='lat' dir='ltr'>ut</span> <span class='ocrx_word' id='word_1_390' title='bbox 1582 3079 1706 3124; x_wconf 90' lang='lat' dir='ltr'>sinus</span> <span class='ocrx_word' id='word_1_391' title='bbox 1739 3077 1894 3140; x_wconf 82' lang='lat' dir='ltr'>anguli</span> <span class='ocrx_word' id='word_1_392' title='bbox 1928 3075 2115 3125; x_wconf 79' lang='lat' dir='ltr'><em>BAD&#39;a</em></span> <span class='ocrx_word' id='word_1_393' title='bbox 2148 3079 2333 3142; x_wconf 87' lang='lat' dir='ltr'>reliquis</span> <span class='ocrx_word' id='word_1_394' title='bbox 2367 3075 2694 3140; x_wconf 88' lang='lat' dir='ltr'>comprehensi.</span> 
     </span>
    </p>

    <p class='ocr_par' dir='ltr' id='par_1_12' title="bbox 56 3167 2763 3981">
     <span class='ocr_line' id='line_1_32' title="bbox 189 3167 2762 3235; baseline -0.002 -15"><span class='ocrx_word' id='word_1_395' title='bbox 189 3176 649 3220; x_wconf 73' lang='lat' dir='ltr'>Demomtratlo·</span> <span class='ocrx_word' id='word_1_396' title='bbox 688 3170 1044 3219; x_wconf 85' lang='lat' dir='ltr'>Considerentur</span> <span class='ocrx_word' id='word_1_397' title='bbox 1075 3172 1325 3232; x_wconf 87' lang='lat' dir='ltr'>potentiae,</span> <span class='ocrx_word' id='word_1_398' title='bbox 1358 3177 1410 3217; x_wconf 79' lang='lat' dir='ltr'>ut</span> <span class='ocrx_word' id='word_1_399' title='bbox 1442 3167 1556 3235; x_wconf 85' lang='lat'>§27</span> <span class='ocrx_word' id='word_1_400' title='bbox 1591 3173 1810 3218; x_wconf 91' lang='lat' dir='ltr'>monitum</span> <span class='ocrx_word' id='word_1_401' title='bbox 1843 3177 1928 3228; x_wconf 89' lang='lat' dir='ltr'>est,</span> <span class='ocrx_word' id='word_1_402' title='bbox 1966 3179 2101 3218; x_wconf 87' lang='lat' dir='ltr'>erunt</span> <span class='ocrx_word' id='word_1_403' title='bbox 2135 3171 2364 3234; x_wconf 80' lang='lat' dir='ltr'>potentiae</span> <span class='ocrx_word' id='word_1_404' title='bbox 2395 3168 2500 3229; x_wconf 88' lang='lat' dir='ltr'>AB,</span> <span class='ocrx_word' id='word_1_405' title='bbox 2538 3171 2639 3226; x_wconf 90' lang='lat' dir='ltr'>AC,</span> <span class='ocrx_word' id='word_1_406' title='bbox 2674 3167 2762 3215; x_wconf 91' lang='lat' dir='ltr'>AD</span> 
     </span>
     <span class='ocr_line' id='line_1_33' title="bbox 58 3261 2763 3328; baseline -0.003 -14"><span class='ocrx_word' id='word_1_407' title='bbox 58 3267 185 3314; x_wconf 74' lang='lat' dir='ltr'>inter</span> <span class='ocrx_word' id='word_1_408' title='bbox 213 3281 262 3313; x_wconf 88' lang='lat' dir='ltr'>se</span> <span class='ocrx_word' id='word_1_409' title='bbox 296 3274 353 3322; x_wconf 74' lang='lat' dir='ltr'>ut</span> <span class='ocrx_word' id='word_1_410' title='bbox 379 3268 556 3314; x_wconf 88' lang='lat' dir='ltr'>numeri</span> <span class='ocrx_word' id='word_1_411' title='bbox 591 3261 773 3314; x_wconf 79' lang='lat' dir='ltr'>filorum</span> <span class='ocrx_word' id='word_1_412' title='bbox 810 3263 930 3327; x_wconf 90' lang='lat' dir='ltr'>(Fig.</span> <span class='ocrx_word' id='word_1_413' title='bbox 952 3263 1002 3326; x_wconf 90' lang='lat'>9)</span> <span class='ocrx_word' id='word_1_414' title='bbox 1038 3264 1143 3322; x_wconf 84' lang='lat' dir='ltr'>BE,</span> <span class='ocrx_word' id='word_1_415' title='bbox 1183 3264 1272 3322; x_wconf 87' lang='lat' dir='ltr'>CF,</span> <span class='ocrx_word' id='word_1_416' title='bbox 1308 3262 1410 3312; x_wconf 84' lang='lat' dir='ltr'>DG.</span> <span class='ocrx_word' id='word_1_417' title='bbox 1463 3263 1576 3312; x_wconf 90' lang='lat' dir='ltr'>Cum</span> <span class='ocrx_word' id='word_1_418' title='bbox 1602 3266 1748 3311; x_wconf 91' lang='lat' dir='ltr'>omnis</span> <span class='ocrx_word' id='word_1_419' title='bbox 1776 3264 1975 3326; x_wconf 86' lang='lat' dir='ltr'>potentia</span> <span class='ocrx_word' id='word_1_420' title='bbox 2001 3272 2179 3312; x_wconf 88' lang='lat' dir='ltr'>tantum</span> <span class='ocrx_word' id='word_1_421' title='bbox 2206 3271 2335 3327; x_wconf 87' lang='lat' dir='ltr'>agat,</span> <span class='ocrx_word' id='word_1_422' title='bbox 2370 3272 2588 3328; x_wconf 87' lang='lat' dir='ltr'>quantum</span> <span class='ocrx_word' id='word_1_423' title='bbox 2614 3269 2763 3325; x_wconf 87' lang='lat' dir='ltr'>potest</span> 
     </span>
     <span class='ocr_line' id='line_1_34' title="bbox 64 3355 2761 3422; baseline -0.001 -17"><span class='ocrx_word' id='word_1_424' title='bbox 64 3358 191 3422; x_wconf 88' lang='lat'>(28),</span> <span class='ocrx_word' id='word_1_425' title='bbox 224 3363 371 3407; x_wconf 90' lang='lat' dir='ltr'>omnia</span> <span class='ocrx_word' id='word_1_426' title='bbox 405 3360 520 3407; x_wconf 89' lang='lat' dir='ltr'>haec</span> <span class='ocrx_word' id='word_1_427' title='bbox 555 3355 632 3406; x_wconf 85' lang='lat' dir='ltr'>fila</span> <span class='ocrx_word' id='word_1_428' title='bbox 668 3375 715 3406; x_wconf 90' lang='lat' dir='ltr'>se</span> <span class='ocrx_word' id='word_1_429' title='bbox 750 3366 925 3405; x_wconf 88' lang='lat' dir='ltr'>tantum</span> <span class='ocrx_word' id='word_1_430' title='bbox 953 3358 1238 3416; x_wconf 89' lang='lat' dir='ltr'>contrahent,</span> <span class='ocrx_word' id='word_1_431' title='bbox 1274 3365 1493 3421; x_wconf 89' lang='lat' dir='ltr'>quantum</span> <span class='ocrx_word' id='word_1_432' title='bbox 1520 3359 1726 3420; x_wconf 76' lang='lat' dir='ltr'>poSsunt,</span> <span class='ocrx_word' id='word_1_433' title='bbox 1764 3366 2005 3421; x_wconf 86' lang='lat' dir='ltr'>antequam</span> <span class='ocrx_word' id='word_1_434' title='bbox 2031 3361 2336 3422; x_wconf 85' lang='lat' dir='ltr'>acquiescant,</span> <span class='ocrx_word' id='word_1_435' title='bbox 2363 3359 2761 3422; x_wconf 90' lang='lat' dir='ltr'>aequilibriumque</span> 
     </span>
     <span class='ocr_line' id='line_1_35' title="bbox 61 3434 2758 3515; baseline -0.003 -16"><span class='ocrx_word' id='word_1_436' title='bbox 61 3449 274 3501; x_wconf 81' lang='lat' dir='ltr'>efficiant.</span> <span class='ocrx_word' id='word_1_437' title='bbox 341 3453 487 3510; x_wconf 87' lang='lat' dir='ltr'>Quare</span> <span class='ocrx_word' id='word_1_438' title='bbox 521 3454 567 3500; x_wconf 92' lang='lat' dir='ltr'>in</span> <span class='ocrx_word' id='word_1_439' title='bbox 602 3461 722 3500; x_wconf 88' lang='lat' dir='ltr'>statu</span> <span class='ocrx_word' id='word_1_440' title='bbox 755 3452 1007 3515; x_wconf 86' lang='lat' dir='ltr'>aequilibrii</span> <span class='ocrx_word' id='word_1_441' title='bbox 1034 3434 1243 3500; x_wconf 22' lang='lat' dir='ltr'>*omnium</span> <span class='ocrx_word' id='word_1_442' title='bbox 1277 3448 1461 3508; x_wconf 79' lang='lat' dir='ltr'>filorum</span> <span class='ocrx_word' id='word_1_443' title='bbox 1497 3466 1666 3498; x_wconf 87' lang='lat' dir='ltr'>summa</span> <span class='ocrx_word' id='word_1_444' title='bbox 1693 3454 1782 3498; x_wconf 87' lang='lat' dir='ltr'>erit</span> <span class='ocrx_word' id='word_1_445' title='bbox 1807 3455 2084 3510; x_wconf 89' lang='lat' dir='ltr'>contractio,</span> <span class='ocrx_word' id='word_1_446' title='bbox 2122 3468 2201 3499; x_wconf 91' lang='lat' dir='ltr'>seu</span> <span class='ocrx_word' id='word_1_447' title='bbox 2227 3466 2399 3500; x_wconf 85' lang='lat' dir='ltr'>summa</span> <span class='ocrx_word' id='word_1_448' title='bbox 2427 3450 2758 3513; x_wconf 85' lang='lat' dir='ltr'>longitudinum</span> 
     </span>
     <span class='ocr_line' id='line_1_36' title="bbox 61 3542 2762 3607; baseline -0.001 -16"><span class='ocrx_word' id='word_1_449' title='bbox 61 3546 273 3592; x_wconf 55' lang='lat' dir='ltr'>omnium*</span> <span class='ocrx_word' id='word_1_450' title='bbox 299 3542 497 3594; x_wconf 40' lang='lat' dir='ltr'>filorum&#39;</span> <span class='ocrx_word' id='word_1_451' title='bbox 520 3547 843 3593; x_wconf 86' lang='lat' dir='ltr'>erit-minima.</span> <span class='ocrx_word' id='word_1_452' title='bbox 914 3543 1046 3592; x_wconf 92' lang='lat' dir='ltr'>Unde</span> <span class='ocrx_word' id='word_1_453' title='bbox 1082 3551 1227 3591; x_wconf 89' lang='lat' dir='ltr'>status</span> <span class='ocrx_word' id='word_1_454' title='bbox 1259 3544 1509 3606; x_wconf 89' lang='lat' dir='ltr'>aequilibrii</span> <span class='ocrx_word' id='word_1_455' title='bbox 1544 3558 1622 3607; x_wconf 88' lang='lat' dir='ltr'>per</span> <span class='ocrx_word' id='word_1_456' title='bbox 1654 3543 1918 3591; x_wconf 90' lang='lat' dir='ltr'>methodum</span> <span class='ocrx_word' id='word_1_457' title='bbox 1953 3544 2242 3591; x_wconf 85' lang='lat' dir='ltr'>maximorum</span> <span class='ocrx_word' id='word_1_458' title='bbox 2276 3552 2335 3594; x_wconf 57' lang='lat' dir='ltr'>et.</span> <span class='ocrx_word' id='word_1_459' title='bbox 2357 3546 2645 3590; x_wconf 90' lang='lat' dir='ltr'>minimorum</span> <span class='ocrx_word' id='word_1_460' title='bbox 2680 3542 2762 3588; x_wconf 88' lang='lat' dir='ltr'>de-</span> 
     </span>
     <span class='ocr_line' id='line_1_37' title="bbox 56 3636 2759 3702; baseline -0.001 -17"><span class='ocrx_word' id='word_1_461' title='bbox 56 3641 289 3686; x_wconf 79' lang='lat' dir='ltr'>terminari</span> <span class='ocrx_word' id='word_1_462' title='bbox 329 3641 529 3702; x_wconf 74' lang='lat' dir='ltr'>poterit.²</span> <span class='ocrx_word' id='word_1_463' title='bbox 583 3640 644 3686; x_wconf 86' lang='lat' dir='ltr'>Ea</span> <span class='ocrx_word' id='word_1_464' title='bbox 686 3642 751 3687; x_wconf 88' lang='lat' dir='ltr'>sic</span> <span class='ocrx_word' id='word_1_465' title='bbox 790 3653 838 3686; x_wconf 90' lang='lat' dir='ltr'>se</span> <span class='ocrx_word' id='word_1_466' title='bbox 873 3638 1037 3696; x_wconf 83' lang='lat' dir='ltr'>habet,</span> <span class='ocrx_word' id='word_1_467' title='bbox 1090 3645 1142 3684; x_wconf 90' lang='lat' dir='ltr'>ut</span> <span class='ocrx_word' id='word_1_468' title='bbox 1183 3641 1326 3685; x_wconf 86' lang='lat' dir='ltr'>totius</span> <span class='ocrx_word' id='word_1_469' title='bbox 1363 3644 1509 3684; x_wconf 86' lang='lat' dir='ltr'>status</span> <span class='ocrx_word' id='word_1_470' title='bbox 1548 3640 1662 3684; x_wconf 90' lang='lat' dir='ltr'>situs</span> <span class='ocrx_word' id='word_1_471' title='bbox 1696 3637 1922 3699; x_wconf 86' lang='lat' dir='ltr'>proximus</span> <span class='ocrx_word' id='word_1_472' title='bbox 1956 3636 2257 3701; x_wconf 85' lang='lat' dir='ltr'>concipiatur,</span> <span class='ocrx_word' id='word_1_473' title='bbox 2309 3652 2400 3700; x_wconf 91' lang='lat' dir='ltr'>quo</span> <span class='ocrx_word' id='word_1_474' title='bbox 2433 3652 2484 3683; x_wconf 91' lang='lat' dir='ltr'>ea</span> <span class='ocrx_word' id='word_1_475' title='bbox 2520 3638 2759 3698; x_wconf 88' lang='lat' dir='ltr'>quantitas,</span> 
     </span>
     <span class='ocr_line' id='line_1_38' title="bbox 56 3722 2759 3793; baseline -0.001 -16"><span class='ocrx_word' id='word_1_476' title='bbox 56 3732 172 3793; x_wconf 75' lang='lat' dir='ltr'>quae</span> <span class='ocrx_word' id='word_1_477' title='bbox 205 3733 391 3779; x_wconf 80' lang='lat' dir='ltr'>maxima</span> <span class='ocrx_word' id='word_1_478' title='bbox 422 3733 495 3780; x_wconf 83' lang='lat' dir='ltr'>vel</span> <span class='ocrx_word' id='word_1_479' title='bbox 529 3733 710 3780; x_wconf 89' lang='lat' dir='ltr'>minima</span> <span class='ocrx_word' id='word_1_480' title='bbox 744 3747 846 3778; x_wconf 90' lang='lat' dir='ltr'>esse</span> <span class='ocrx_word' id='word_1_481' title='bbox 880 3730 1040 3787; x_wconf 89' lang='lat' dir='ltr'>debet,</span> <span class='ocrx_word' id='word_1_482' title='bbox 1075 3731 1290 3777; x_wconf 86' lang='lat' dir='ltr'>invariata</span> <span class='ocrx_word' id='word_1_483' title='bbox 1325 3728 1704 3791; x_wconf 86' lang='lat' dir='ltr'>deprehendetur.</span> <span class='ocrx_word' id='word_1_484' title='bbox 1746 3727 2068 3785; x_wconf 82' lang='lat' dir='ltr'>Transferatur</span> <span class='ocrx_word' id='word_1_485' title='bbox 2101 3732 2242 3792; x_wconf 88' lang='lat' dir='ltr'>igitur</span> <span class='ocrx_word' id='word_1_486' title='bbox 2266 3728 2321 3777; x_wconf 82' lang='lat' dir='ltr'>A</span> <span class='ocrx_word' id='word_1_487' title='bbox 2354 3732 2398 3775; x_wconf 90' lang='lat' dir='ltr'>in</span> <span class='ocrx_word' id='word_1_488' title='bbox 2433 3722 2485 3786; x_wconf 60' lang='grc' dir='ltr'>αἶ</span> <span class='ocrx_word' id='word_1_489' title='bbox 2519 3731 2592 3779; x_wconf 69' lang='lat' dir='ltr'>ita,</span> <span class='ocrx_word' id='word_1_490' title='bbox 2615 3735 2667 3774; x_wconf 89' lang='lat' dir='ltr'>ut</span> <span class='ocrx_word' id='word_1_491' title='bbox 2701 3730 2759 3774; x_wconf 88' lang='lat' dir='ltr'>sit</span> 
     </span>
     <span class='ocr_line' id='line_1_39' title="bbox 57 3819 2755 3886; baseline -0.001 -16"><span class='ocrx_word' id='word_1_492' title='bbox 57 3822 332 3882; x_wconf 56' lang='lat' dir='ltr'><em>AB-Aa&#39;B,</em></span> <span class='ocrx_word' id='word_1_493' title='bbox 367 3828 415 3872; x_wconf 81' lang='lat' dir='ltr'>et</span> <span class='ocrx_word' id='word_1_494' title='bbox 446 3823 710 3884; x_wconf 77' lang='lat' dir='ltr'>hoc-modo</span> <span class='ocrx_word' id='word_1_495' title='bbox 745 3823 990 3886; x_wconf 86' lang='lat' dir='ltr'>longitudo</span> <span class='ocrx_word' id='word_1_496' title='bbox 1026 3819 1206 3870; x_wconf 83' lang='lat' dir='ltr'>filorum</span> <span class='ocrx_word' id='word_1_497' title='bbox 1244 3823 1329 3870; x_wconf 87' lang='grc' dir='ltr'><em>ΒΕ</em></span> <span class='ocrx_word' id='word_1_498' title='bbox 1360 3838 1450 3870; x_wconf 90' lang='lat' dir='ltr'>non</span> <span class='ocrx_word' id='word_1_499' title='bbox 1483 3824 1764 3871; x_wconf 80' lang='lat' dir='ltr'>immutatur.</span> <span class='ocrx_word' id='word_1_500' title='bbox 1817 3823 2056 3870; x_wconf 88' lang='lat' dir='ltr'>Ducantur</span> <span class='ocrx_word' id='word_1_501' title='bbox 2079 3824 2164 3869; x_wconf 70' lang='lat' dir='ltr'>‘¹Ca-</span> <span class='ocrx_word' id='word_1_502' title='bbox 2187 3829 2232 3869; x_wconf 90' lang='lat' dir='ltr'>et</span> <span class='ocrx_word' id='word_1_503' title='bbox 2258 3822 2332 3877; x_wconf 77' lang='lat' dir='ltr'>Da</span> <span class='ocrx_word' id='word_1_504' title='bbox 2359 3829 2405 3868; x_wconf 92' lang='lat' dir='ltr'>et</span> <span class='ocrx_word' id='word_1_505' title='bbox 2437 3820 2755 3884; x_wconf 84' lang='lat' dir='ltr'>perpendicula</span> 
     </span>
     <span class='ocr_line' id='line_1_40' title="bbox 61 3910 2756 3981; baseline -0.001 -18"><span class='ocrx_word' id='word_1_506' title='bbox 61 3914 133 3979; x_wconf 67' lang='lat' dir='ltr'><em>Ay</em></span> <span class='ocrx_word' id='word_1_507' title='bbox 173 3924 219 3964; x_wconf 90' lang='lat' dir='ltr'>et</span> <span class='ocrx_word' id='word_1_508' title='bbox 260 3917 338 3965; x_wconf 79' lang='lat' dir='ltr'>ah.</span> <span class='ocrx_word' id='word_1_509' title='bbox 407 3919 535 3965; x_wconf 88' lang='lat' dir='ltr'>Patet</span> <span class='ocrx_word' id='word_1_510' title='bbox 578 3916 653 3966; x_wconf 84' lang='lat' dir='ltr'>[ila</span> <span class='ocrx_word' id='word_1_511' title='bbox 698 3919 774 3967; x_wconf 89' lang='lat' dir='ltr'>CF</span> <span class='ocrx_word' id='word_1_512' title='bbox 808 3918 1019 3981; x_wconf 87' lang='lat' dir='ltr'>elongata</span> <span class='ocrx_word' id='word_1_513' title='bbox 1058 3932 1154 3964; x_wconf 89' lang='lat' dir='ltr'>esse</span> <span class='ocrx_word' id='word_1_514' title='bbox 1196 3917 1418 3964; x_wconf 89' lang='lat' dir='ltr'>elemento</span> <span class='ocrx_word' id='word_1_515' title='bbox 1450 3931 1527 3979; x_wconf 74' lang='lat' dir='ltr'>aq,</span> <span class='ocrx_word' id='word_1_516' title='bbox 1583 3931 1737 3964; x_wconf 89' lang='lat' dir='ltr'>verum</span> <span class='ocrx_word' id='word_1_517' title='bbox 1774 3912 1850 3964; x_wconf 85' lang='lat' dir='ltr'>fila</span> <span class='ocrx_word' id='word_1_518' title='bbox 1884 3915 2237 3964; x_wconf 83' lang='lat' dir='ltr'>DG&#39;decurtata</span> <span class='ocrx_word' id='word_1_519' title='bbox 2271 3916 2495 3963; x_wconf 88' lang='lat' dir='ltr'>elemento</span> <span class='ocrx_word' id='word_1_520' title='bbox 2531 3910 2623 3962; x_wconf 84' lang='lat' dir='ltr'><em>Ah.</em></span> <span class='ocrx_word' id='word_1_521' title='bbox 2686 3912 2756 3961; x_wconf 89' lang='lat' dir='ltr'>Sit</span> 
     </span>
    </p>
   </div>
  </div>
 </body>
</html>
