2950 4276
2922 0 2950 52 ι

224 165 329 218 796
1022 155 1081 206 L.
1121 150 1410 204 EULERI
1450 148 1676 202 OPERA
1713 147 2100 201 PosrflUMA.
2780 170 2905 215 vm..

222 309 448 350 deducitur.
507 306 583 345 Hic
624 302 877 344 occasionem
913 300 1059 353 arripit
1095 301 1146 340 de
1180 298 1448 353 integratione
1483 297 1773 352 aequationum
1794 297 2140 338 >differentiatinm
2174 297 2366 338 altiorum
2403 297 2594 338 ordinum
2633 299 2799 352 agendi,
2839 293 2934 358 ifle?

220 393 417 434 nonnulla
447 384 646 442 elegantia
676 393 718 427 et
747 386 874 426 utiliav
891 383 1065 426 artificia
1093 383 1302 437 patefacit,
1333 396 1439 437 quae
1465 384 1519 424 ad
1547 383 1735 438 analysin
1764 383 2084 436 promovendam
2108 395 2191 423 non
2216 395 2365 436 pamm
2385 383 2572 423 conferre
2590 382 2799 425 videntur:
2826 367 2933 447 ι-ιῘ

223 491 318 519 vero
346 476 468 517 etiam
496 472 727 526 praeclaras
759 471 953 523 quasdam
983 470 1212 510 notationes
1239 469 1349 510 circa
1385 468 1632 523 quantitates
1666 468 1943 522 imaginarias,
1981 481 2227 521 earumque,
2267 469 2430 521 quando
2465 468 2664 509 formulas
2697 468 2936 526 integralssts

219 561 419 605 afficiunt,
448 557 688 599 reductione
717 557 770 596 ad
798 567 919 595 arcus
949 554 1172 595 circulares
1202 554 1338 595 tradit.
1398 553 1444 593 In
1473 553 1722 594 hoo⁴autem
1749 553 2024 606 problemate,
2061 553 2180 607 cujus
2215 553 2464 594 solutionem
2498 553 2542 593 in
2576 553 2738 606 aliquot
2763 555 2933 623 aequat*

218 645 395 687 tionibus
425 641 663 694 complexus
693 645 754 681 est
785 641 959 686 Auctor,
999 639 1197 679 contineri
1227 644 1346 692 putat
1376 639 1609 679 universam
1645 638 1696 678 de
1728 638 1858 679 ventis
1887 637 2184 690 quaestionem,
2221 638 2400 691 ideoque
2433 649 2567 678 varias
2600 638 2755 680 evolvit
2890 621 2929 648 ’ὃ

219 730 354 771 theses
391 726 601 769 densitatis
636 725 762 773 aeris,
811 736 916 777 quae
961 724 1014 765 ad
1049 727 1199 765 statum
1233 723 1463 764 naturalem
1507 722 1695 776 proxime
1737 723 1935 763 accedere
1971 723 2204 771 videantur,
2246 722 2426 775 indeque
2470 639 2947 794 complicatissimm'

218 813 506 868 aequationum
533 809 824 864 integrationes
853 807 1034 863 perficit,
1058 815 1107 850 et
1136 814 1334 862 quantum
1365 809 1424 850 rei
1455 808 1676 849 difficultas
1706 807 1906 861 permittit
1933 808 1987 849 ad
2016 821 2156 848 veram
2178 808 2286 848 venti
2318 808 2585 849 directionem
2604 813 2648 849 et
2665 789 2950 978 celeriffl,

220 900 374 953 ubique
405 899 591 938 locorum
623 895 894 937 definiendam
925 895 1175 936 accomodat
1235 894 1501 949 Progreditur
1531 894 1726 947 deinceps
1753 894 1805 934 ad
1837 897 1991 933 motum
2020 893 2127 934 aeris
2155 906 2238 933 non
2267 893 2446 934 liberum
2478 892 2841 934 determinandum
2860 899 2890 928 t
2947 920 2950 921 ν

220 995 442 1036 casumque
473 982 606 1035 primo
637 979 859 1027 examinat,
892 993 974 1033 quo
1004 979 1081 1019 sub
1110 984 1335 1032 aequatore
1366 980 1472 1020 duae
1492 979 1631 1019 series
1664 978 1958 1019 altissimorum
1991 979 2191 1019 montium
2219 977 2300 1019 sibi
2327 978 2552 1032 parallelae
2586 978 2778 1026 existant,
2812 977 2887 1020 ἱιιῐ-

221 1085 323 1125 quos
355 1074 427 1112 aer
454 1070 581 1111 alium
613 1074 767 1110 motum
798 1073 960 1122 praeter
988 1067 1229 1108 orientalem
1258 1066 1326 1108 vel
1363 1066 1661 1107 occidentalem
1697 1066 1882 1119 recipere
1918 1071 2109 1119 nequeat.
2169 1066 2325 1106 Deinde
2361 1065 2436 1106 has
2470 1064 2602 1106 series
2636 1060 2838 1104 montium
2908 1051 2950 1118 ξε

219 1145 440 1209 aequatore
469 1156 521 1196 ad
552 1153 738 1207 quemvis
766 1152 1011 1206 parallelum
1041 1152 1250 1199 transfert,
1282 1153 1337 1192 ita
1367 1156 1414 1192 ut
1440 1163 1604 1204 semper
1632 1151 1685 1191 ab
1714 1156 1809 1191 ortu
1838 1150 1880 1190 in
1911 1163 2103 1191 occasum
2133 1152 2422 1199 extendantur,
2457 1154 2499 1190 et
2531 1149 2583 1190 ad
2618 1146 2811 1202 quodvis«
2844 1175 2871 1183 .-
2936 1156 2947 1186 J·

212 1235 299 1296 ‘pus
334 1241 442 1282 venti
479 1239 728 1281 celeritatem
766 1238 1022 1285 determinat,
1067 1249 1162 1277 cum
1199 1236 1369 1277 directio
1405 1249 1481 1290 per
1515 1249 1561 1276 se
1595 1236 1648 1276 sit
1683 1235 1860 1290 cognita.
1919 1236 2024 1276 Tum
2063 1235 2139 1276 has
2174 1235 2372 1276 montium
2406 1235 2536 1276 series
2563 1233 2791 1275 secundum
2829 1249 2873 1271 ι

222 1327 467 1367 meridianos
502 1325 578 1365 sibi
610 1324 818 1377 proximos
847 1328 1035 1363 extensas
1064 1321 1385 1375 contemplatur,
1419 1327 1462 1363 et
1499 1300 1743 1362 difficillimo
1779 1320 1943 1362 calculo
1979 1321 2235 1382 celeritatem
2271 1321 2382 1362 venti
2415 1320 2607 1374 assignat,
2646 1330 2753 1372 quae
2798 1336 2844 1354 ιιι
2920 1294 2950 1364 ᾳ

221 1413 275 1453 ita
304 1417 398 1452 sunt
426 1415 676 1463 comparata,
710 1414 756 1449 ut
784 1408 817 1449 si
850 1408 988 1449 debito
1017 1408 1155 1448 studio
1190 1402 1454 1455 evolvantur,
1486 1408 1529 1447 in
1559 1406 1668 1447 omni
1699 1413 1834 1448 terrae
1862 1411 1990 1455 statu,
2020 1419 2104 1460 quo
2132 1411 2267 1448 motus
2296 1406 2405 1447 ae'ris
2428 1418 2453 1446 a
2471 1404 2680 1447 montibus
2698 1405 2859 1445 coen-ew
2896 1385 2906 1403 ἶ
2925 1396 2939 1413 “’

221 1497 316 1538 inde
351 1501 493 1537 ventus
533 1496 691 1546 definiri
729 1509 849 1554 posse
885 1495 1085 1535 videatur.
1147 1485 1278 1535 Multo
1315 1494 1447 1548 magis
1481 1499 1619 1534 autem
1655 1495 1832 1534 arduum
1867 1492 1915 1534 fit
1947 1493 2181 1547 problema,
2228 1493 2393 1546 quando
2428 1492 2548 1532 binae
2590 1490 2690 1532 illae
2723 1488 2865 1531 mou-⁸>

221 1583 351 1622 series
379 1582 486 1623 inter
513 1595 558 1623 se
587 1594 669 1622 non
697 1589 794 1622 sunt
822 1579 1064 1634 parallelae,
1094 1579 1254 1620 interim
1284 1585 1419 1620 tamen
1449 1585 1562 1620 tanta
1590 1578 1810 1632 sagacitate
1831 1579 1986 1619 Auctor
2014 1578 2164 1632 pollet,
2194 1582 2239 1619 ut
2270 1577 2391 1618 etiam
2420 1577 2496 1618 has
2515 1588 2645 1617 novas
2660 1573 2772 1616 diffie
2831 1599 2846 1609 ·-
2870 1598 2873 1604 ·
2904 1551 2917 1602 ⁴,

223 1666 438 1708 maximam
477 1673 632 1720 partem
671 1679 866 1720 superare
902 1665 1092 1720 potuerit.
1152 1665 1369 1706 Concludit
1405 1665 1583 1718 denique
1619 1664 1725 1705 hanc
1762 1664 1861 1705 satis
1895 1663 2075 1718 amplam
2110 1663 2391 1705 tractationem
2435 1662 2690 1717 problemate
2736 1677 2818 1711 221*
2843 1682 2863 1695 ν.
2924 1712 2938 1757 ι

224 1764 305 1807 quo
336 1754 574 1794 methodum
604 1753 768 1807 exponit
797 1753 838 1792 in
868 1751 1106 1808 hypothesi,
1139 1753 1250 1804 quod
1279 1756 1388 1792 terra
1415 1750 1622 1805 profundo
1651 1762 1807 1791 oceano
1837 1750 2022 1803 undique
2050 1754 2159 1790 tecta
2188 1748 2260 1797 sit,
2290 1761 2367 1802 pro
2393 1747 2543 1802 quovis
2568 1746 2663 1789 loco
2682 1749 2839 1788 ettam
2914 1771 2942 1819 τ

225 1851 369 1878 verum
399 1838 505 1879 aeris
535 1844 710 1886 motum,
741 1838 820 1878 hoe
853 1843 913 1879 est
944 1837 1212 1878 directionem
1241 1850 1288 1878 ac
1318 1836 1575 1877 celeritatem
1603 1835 2062 1886 venti·determinandi,
2091 1835 2204 1889 quod
2234 1846 2312 1888 ope
2342 1832 2674 1888 praecedentium
2693 1830 2854 1887 probl-·

224 1928 311 1964 tum
342 1923 430 1965 fieri
460 1938 580 1978 posse
610 1915 844 1965 luculenter
873 1924 1061 1965 ostendit.

364 2008 566 2057 Quoniam
602 2023 703 2051 vero
746 2010 945 2050 hactenus
983 2023 1127 2051 causas
1160 2015 1376 2051 ventorum
1419 2009 1461 2049 in
1494 2009 1595 2050 solis
1630 2007 1787 2049 viribus
1825 2006 2123 2049 attrahentibus
2164 2006 2266 2048 solis
2302 2011 2344 2047 et
2384 2005 2506 2047 lunae
2551 2003 2773 2059 quaesivit,
2812 2015 2857 2045 ιι

226 2093 390 2133 demum
433 2094 475 2134 in
511 2095 702 2135 effectum
738 2095 886 2136 caloris
904 2081 1037 2143 solis,
1084 2094 1152 2135 cui
1186 2094 1274 2134 sine
1312 2094 1439 2135 dubio
1474 2093 1691 2147 primariae
1734 2098 1872 2147 partes
1906 2092 1948 2133 in
1983 2092 2253 2146 productione
2283 2095 2499 2132 ventorum
2538 2095 2636 2132 sunt
2667 2089 2847 2131 tribuen·
2894 2042 2928 2118 i

224 2176 426 2231 inquirit.‘
463 2178 632 2220 Causam
662 2185 798 2220 autem
829 2185 869 2220 et
901 2180 1093 2220 effectum
1124 2179 1274 2220 c'aloris
1302 2180 1359 2220 ita
1388 2185 1668 2232 comparatum
1690 2179 1871 2234 judicat,
1902 2183 1948 2219 ut
1975 2179 2028 2219 ad
2059 2177 2269 2219 calculum
2299 2182 2490 2218 accurate
2518 2175 2703 2223 revocari
2728 2189 2771 2216 ιι
2793 2194 2798 2210 ι
2822 2192 2857 2209 ι’-

223 2263 410 2316 proxime
446 2269 584 2305 autem
617 2278 789 2319 scopum
826 2265 1020 2318 attingere
1056 2265 1295 2314 arbitratur,
1333 2265 1368 2306 si
1405 2264 1718 2306 rarefactionem
1752 2265 1860 2306 aeris
1894 2268 2098 2318 perpetuo
2135 2275 2160 2304 a
2195 2263 2411 2316 quadrato⁴
2428 2262 2545 2303 sinus
2580 2261 2791 2303 distantiae
2854 2279 2859 2297 ι

224 2359 247 2386 a
277 2347 413 2388 zenith
441 2350 641 2402 pendere,
670 2362 746 2390 seu
777 2362 865 2390 esse
896 2349 1242 2403 proportionalem
1274 2351 1472 2403 quadrato
1501 2350 1616 2390 sinus
1645 2349 1884 2390 elevationis
1911 2348 2014 2390 solis
2040 2360 2170 2402 super
2196 2347 2428 2397 horizonte,
2460 2346 2806 2400 quemadmodum
2945 2360 2947 2363 ·

225 2432 291 2474 bic
320 2434 490 2475 effectus
517 2433 558 2474 in
587 2434 786 2475 formulas
815 2441 908 2476 ante
938 2435 1140 2476 exhibitas
1168 2436 1374 2477 introduci
1405 2436 1570 2484 debeat,
1607 2435 1797 2477 ostendit,
1858 2433 1965 2483 Quia
2000 2447 2100 2475 vero
2135 2433 2250 2475 calor
2282 2446 2329 2474 ac
2365 2433 2537 2487 proinde
2571 2431 2678 2473 aeris
2741 2451 2744 2466 ι
2788 2448 2860 2466 π»

225 2529 305 2558 ιιοιι
333 2518 468 2558 solum
497 2519 549 2559 ab
578 2519 792 2561 altitudine
821 2521 939 2568 solis,
974 2522 1049 2561 sed
1079 2521 1198 2561 etiam
1228 2534 1251 2562 a
1280 2506 1484 2574 tempore,
1523 2534 1606 2574 quo
1642 2521 1752 2562 idem
1788 2520 1907 2561 locus
1943 2509 2093 2561 actioni
2126 2519 2230 2560 solis
2259 2521 2343 2575 jam
2378 2523 2465 2559 erat
2500 2517 2728 2571 expositus,
2760 2528 2857 2571 pen
2886 2510 2887 2515 ¹

2915 2552 2929 2633 ’“”“-“·”’“
2914 2473 2933 2514 ‘Vn
2914 2301 2934 2433 2⁴¹·ss
2930 2256 2933 2261 .
2926 2214 2932 2223 ι
2924 2159 2933 2171 ι

225 2602 280 2643 ita
310 2609 357 2644 ut
385 2617 460 2657 pro
489 2605 633 2645 eadem
661 2605 760 2645 solis
789 2605 1003 2646 altitudine
1033 2606 1148 2647 calor
1175 2613 1267 2660 post
1299 2606 1510 2647 meridiem
1545 2607 1674 2661 major
1702 2606 1755 2647 sit
1786 2618 1910 2659 quam
1937 2610 2030 2646 ante
2058 2604 2289 2654 meridiem;
2325 2603 2377 2645 ab
2414 2603 2491 2645 hac
2528 2602 2760 2644 diversitate
2794 2600 2866 2644 ati
2891 2656 2893 2660 ι

228 2688 418 2739 effectum
447 2702 529 2729 non
558 2688 763 2743 proficisci
792 2691 950 2739 statuit,
980 2691 1067 2747 nisi⁸
1087 2697 1337 2732 constantem
1367 2692 1677 2745 atmosphaerae
1712 2696 1868 2732 motum
1902 2690 1955 2731 ab
1991 2690 2146 2731 oriente
2179 2689 2223 2729 in
2252 2702 2463 2738 occasum,
2498 2688 2571 2743 qui
2605 2701 2702 2730 cum
2735 2701 2819 2731 01¹·

227 2774 319 2815 aliis
350 2775 481 2816 ventis
510 2787 533 2815 a
562 2776 695 2816 causis
731 2783 826 2817 ante
862 2776 1075 2830 perpensis
1105 2777 1289 2818 oriundis
1318 2778 1506 2832 conjungi
1538 2777 1706 2823 debeat,
1743 2756 1909 2830 hocque
1944 2776 2069 2816 modo
2106 2788 2187 2816 non
2222 2775 2358 2816 solum
2393 2780 2538 2816 ventos
2572 2755 2796 2816 orientales*
2824 2771 2850 2783 ”

227 2858 407 2912 tropicos
434 2860 654 2913 spirantes,
685 2875 911 2916 eorumque
941 2876 965 2903 a
995 2876 1093 2904 vero
1125 2863 1282 2904 oriente
1313 2863 1563 2904 deflexiones
1591 2863 1709 2903 statis
1736 2861 1992 2916 temporibus
2028 2861 2263 2902 observatas
2290 2861 2389 2902 satis
2418 2859 2600 2902 dilucide
2629 2860 2824 2915 explieat,
2844 2880 2863 2922 ις

229 2943 350 2984 etiam
386 2946 529 2998 quales
564 2947 673 2987 venti
716 2948 756 2987 in
792 2948 967 3002 reliquis
1000 2936 1137 2990 terrae
1173 2949 1286 2990 zonis
1329 2962 1500 3003 regnare
1545 2949 1760 2997 deberent,
1802 2948 1880 2988 nisi
1919 2947 2180 3001 perturbatio
2216 2959 2241 2989 a
2276 2947 2397 2988 terris
2438 2951 2528 2987 orta
2562 2946 2798 2993 accederet,

229 3029 404 3070 obscure
435 3030 600 3072 indicat.
659 3031 771 3080 Quas
800 3033 852 3073 ob
882 3047 1027 3074 causas
1056 3034 1121 3074 hic
1152 3035 1307 3075 Auctor
1337 3034 1563 3088 quaestioni
1593 3033 1826 3087 propositae
1856 3032 1987 3073 multo
2017 3033 2251 3074 accuratius
2278 3032 2524 3073 satisfecisse
2554 3036 2616 3072 est
2642 3031 2774 3079 visua,
2814 3048 2818 3066 ι
2886 3083 2887 3087 ¹

228 3115 281 3154 ab
311 3115 401 3155 aliis
430 3116 581 3157 factum
611 3131 700 3159 esse
731 3119 1091 3172 deprehendimus.
1126 3099 1372 3174 *Postquam
1400 3125 1538 3161 autem
1567 3120 1670 3160 haec
1702 3118 1934 3160 dissertatio
1955 3118 2046 3159 'huc
2076 3123 2187 3160 esset
2214 3119 2357 3167 allata,
2387 3118 2476 3173 ejus
2495 3117 2651 3158 Auctor
2678 3115 2850 3158 misita

230 3203 472 3259 tamentum,
501 3200 543 3240 in
575 3214 658 3254 quo
689 3202 885 3243 nonnulla
914 3203 1005 3243 loca
1034 3203 1187 3244 clarius
1216 3203 1412 3257 explicat,
1442 3207 1484 3244 et
1512 3203 1649 3243 levem
1678 3203 1883 3255 quendam
1909 3214 2110 3250 errorem,
2143 3201 2213 3255 qui
2243 3202 2286 3242 in
2310 3201 2518 3242 calculum
2548 3199 2643 3252 §89
2669 3199 2798 3254 ingr·

231 3283 438 3323 emendat:
484 3282 684 3337 imprimis
718 3290 853 3325 autem
892 3286 933 3325 in
966 3285 1043 3326 hoc
1087 3285 1366 3327 additamento
1399 3291 1481 3327 tam
1525 3283 1777 3326 celeritatem
1815 3298 1942 3339 quam
1984 3284 2252 3326 directionem
2291 3284 2401 3325 venti
2437 3275 2517 3324 sub
2553 3284 2700 3336 quovis
2726 3296 2813 3338 pa
2910 3256 2928 3282 ι

232 3367 486 3409 commodius
515 3366 724 3419 exprimit,
763 3368 861 3407 dum
895 3368 959 3407 sol
998 3368 1064 3408 vel
1100 3368 1198 3408 luna
1235 3381 1317 3408 non
1345 3369 1387 3408 in
1416 3373 1639 3422 aequatore
1667 3369 1743 3408 sed
1775 3345 1943 3408 circulo
1961 3379 2211 3420 quocunque
2245 3366 2447 3421 parallelo
2475 3366 2585 3408 circa
2611 3371 2770 3409 terram
2822 3392 2834 3402 «
2874 3419 2879 3430 ἢ
2909 3320 2934 3460 ξ

232 3453 354 3494 vitur.
413 3453 568 3494 Motum
600 3451 711 3493 venti
740 3451 894 3505 ubique
929 3453 1100 3493 resolvit
1128 3455 1359 3494 secundum
1397 3453 1640 3495 directiones
1677 3453 1867 3507 paralleli
1902 3457 1943 3494 et
1978 3452 2208 3501 meridiani·
2245 3465 2420 3506 quarum
2454 3451 2528 3493 illa
2561 3452 2732 3505 praebet
2763 3464 2821 3505 Ρ

233 3537 420 3584 orientis,
465 3538 567 3578 haec
603 3551 702 3578 vero
731 3538 969 3579 continuum
997 3538 1197 3579 affluxum
1225 3539 1334 3580 aeris
1361 3552 1385 3579 a
1414 3535 1522 3592 polis
1551 3540 1605 3580 ad
1634 3544 1900 3593 aequatorem
1935 3539 2087 3594 arguit:
2124 3538 2194 3607 qui
2231 3543 2367 3579 tamen
2403 3538 2595 3585 effectus,
2635 3548 2729 3578 cum
2789 3555 2791 3571 ÷
2843 3491 2923 3620 Ξ

234 3623 366 3663 omnis
403 3623 509 3664 aeris
550 3635 683 3664 massa
719 3624 772 3664 ad
811 3629 1074 3677 aequatorem
1108 3625 1459 3673 accumularetur,
1501 3625 1658 3666 admitti
1695 3637 1777 3666 non
1820 3629 1970 3678 potest.
2026 3623 2195 3665 Interim
2225 3629 2363 3665 tamen
2405 3622 2511 3664 boc
2526 3619 2866 3667 incommodum?

235 3707 440 3756 conciliat,
477 3713 523 3749 ut
558 3714 710 3749 motum
746 3708 949 3750 affluxus
963 3715 1231 3763 aequatorem
1268 3723 1411 3751 versus
1445 3710 1639 3751 continuo
1674 3699 1860 3750 imminui
1890 3709 2018 3757 dicat;
2053 3708 2242 3750 calculus
2273 3708 2383 3750 enim
2408 3707 2646 3751 declarabat
2673 3706 2829 3749 celeri
2875 3661 2950 3719 ἔ

234 3794 462 3834 secundum
493 3793 757 3834 directionem
787 3795 998 3835 meridiani
1028 3808 1111 3835 non
1139 3796 1275 3836 solum
1303 3795 1382 3836 sub
1412 3800 1638 3849 aequatore
1667 3796 2039 3844 evanesceressed
2066 3794 2187 3835 etiam
2216 3793 2294 3835 sub
2324 3793 2450 3847 polis,
2484 3798 2526 3834 et
2559 3793 2602 3833 in
2629 3792 2744 3859 zonis
2794 3808 2852 3827 ,ι’
2866 3744 2950 3890 L

237 3877 472 3930 temperatis
500 3890 591 3918 esse
621 3878 854 3920 notabilem,
904 3880 1091 3921 Fortasse
1112 3880 1232 3922 etiam
1253 3881 1295 3921 in
1315 3881 1551 3935 regionibus
1569 3881 1882 3935 atmosphaerae
1900 3879 2106 3934 supremis
2125 3879 2233 3922 aeris
2257 3880 2392 3934 portio
2412 3880 2613 3934 quaedam
2631 3877 2684 3920 ab
2701 3889 2768 3919 a··
