2950 4276
190 162 261 213 44
983 157 1038 209 L.
1081 154 1371 208 EULERI
1413 152 1636 207 OPERA
1675 151 2061 204 POSTHUMA.
2621 154 2853 196 Mechamcoe.

322 307 365 350 [ι.
403 304 592 366 Exposui
627 319 736 366 ergo
771 305 816 349 in
850 301 1017 349 Comm.
1055 299 1198 346 Acad.
1235 298 1381 345 Berol.
1415 297 1560 344 Tomo
1595 295 1658 343 VI
1693 311 1854 343 novam
1889 295 2091 357 regulam
2127 295 2456 354 mechanicam,
2497 313 2611 360 quae
2645 297 2704 345 ad
2737 299 2882 346 omnis

190 401 367 459 generis
403 407 574 454 motus,
611 412 804 459 quorum
840 409 1004 455 corpus
1039 399 1108 438 est
1142 407 1299 454 capax,
1334 389 1667 437 accommodari
1702 397 1874 452 potest:
1910 398 2227 453 praeterquam
2260 398 2407 438 autem
2434 391 2555 454 quod
2580 392 2694 440 haec
2719 393 2881 455 regula

187 490 427 537 admodum
469 491 647 552 prolixis
682 488 843 535 calculi
878 485 1083 532 formulis
1117 492 1185 532 est
1218 491 1452 542 contenta,
1496 500 1548 530 ea
1583 486 1719 531 etiam
1754 483 1975 547 ejusmodi
2009 484 2251 542 elementa,
2289 501 2400 547 quae
2434 501 2459 532 a
2495 488 2698 548 corporis
2731 482 2883 547 figura

191 584 407 644 pendent,
443 584 643 644 requirit,
679 588 731 627 ut
766 597 817 626 ea
853 595 936 643 pro
972 581 1129 642 quovis
1163 581 1366 641 corporis
1400 581 1489 625 situ
1523 580 1736 641 peculiari
1764 579 1939 626 calculo
1965 579 2226 640 investigari
2253 578 2460 631 debeant.
2498 580 2649 626 Retuli
2677 581 2795 626 enim
2823 580 2885 627 ibi

187 684 445 722 constanter
470 677 604 720 situm
633 676 837 736 corporis
864 673 921 721 ad
947 675 1134 736 spatium
1160 673 1438 730 absolutum,
1473 675 1519 719 in
1544 689 1636 735 quo
1660 675 1820 719 sumtis
1847 688 1927 735 pro
1954 672 2103 720 lubitu
2127 674 2266 719 ternis
2292 673 2446 719 axibus
2471 669 2583 730 fixis,
2611 673 2665 719 ad
2693 672 2886 736 quodvis

186 769 399 828 temporis
436 774 672 829 punctum,
713 783 803 814 non
838 768 985 814 solum
1019 769 1221 829 corporis
1254 774 1480 814 momenta
1514 769 1698 813 inertiae
1732 766 1942 829 respectu
1975 768 2161 813 istorum
2197 769 2341 813 axium
2376 766 2530 828 colligi
2566 774 2772 829 oportet,
2805 765 2886 813 sed

186 862 317 906 etiam
351 861 459 907 alias
492 863 784 923 quantitates,
821 877 932 923 quae
969 861 1026 907 ob
1062 862 1265 922 corporis
1300 856 1496 922 figuram
1530 862 1575 906 in
1611 859 1834 906 calculum
1868 859 2199 920 ingrediuntur.
2253 858 2440 914 Quoties
2474 861 2614 921 igitur
2639 861 2753 906 situs
2778 875 2885 907 cor-

185 956 306 1014 poris
340 962 550 1017 respectu
590 955 758 1003 horum
792 963 1022 1002 ternorum
1057 957 1200 1001 axium
1234 962 1459 1012 mutatur,
1495 952 1618 1016 quod
1653 953 1834 1015 quidem
1870 954 2060 1015 singulis
2097 955 2335 1000 momentis
2371 949 2470 999 fieri
2505 960 2676 1015 potest,
2710 953 2886 1000 valores
2945 969 2950 984 ¹

185 1048 361 1094 illarum
404 1051 703 1111 quantitatum
735 1064 910 1111 semper
943 1048 998 1095 de
1034 1064 1153 1095 novo
1189 1063 1268 1110 per
1301 1046 1565 1111 computum
1599 1050 1694 1093 erui
1731 1046 1918 1103 debent,
1961 1063 2051 1109 quo
2087 1055 2219 1109 pacto
2254 1054 2405 1094 motus
2440 1046 2755 1094 determinatio
2789 1046 2889 1110 ple·
2940 985 2950 1152 ἒ

186 1157 378 1204 rumque
412 1143 723 1190 molestissima
755 1142 984 1200 redditur,
1019 1149 1154 1204 atque
1190 1141 1305 1189 adeo
1340 1157 1473 1203 saepe
1508 1156 1565 1188 ne
1601 1142 1764 1202 suscipi
1801 1140 1981 1203 quidem
2009 1148 2178 1204 potest:
2214 1147 2447 1204 propterea
2471 1138 2621 1204 quod,
2659 1141 2695 1188 si
2722 1138 2893 1188 fuerint
2942 1162 2950 1249 l

186 1238 307 1282 vires
339 1252 364 1283 a
399 1239 490 1284 situ
524 1239 724 1300 corporis
758 1236 1028 1300 pendentes,
1072 1238 1165 1298 ipse
1200 1237 1312 1282 situs
1346 1236 1465 1281 inter
1498 1237 1773 1297 quantitates
1809 1237 2062 1297 incognitas
2095 1242 2166 1281 est
2198 1233 2476 1283 referendus,
2944 1289 2950 1316 ι

322 1334 364 1377 5.
399 1331 496 1387 Quo
523 1334 662 1394 igitur
686 1333 793 1379 huic
819 1339 948 1378 tanto
975 1329 1262 1377 incommodo
1289 1344 1593 1385 occurrerem,
1631 1327 1748 1375 idem
1776 1331 2009 1390 negotium
2035 1344 2179 1391 nuper
2203 1329 2288 1375 alia
2313 1330 2383 1375 via
2409 1326 2612 1386 confeci,
2647 1335 2694 1376 et
2719 1336 2891 1378 motum
2943 1327 2950 1389 j

185 1439 237 1470 ex
272 1425 492 1488 ejusmodi
535 1427 766 1473 elementis
803 1421 1010 1482 definivi,
1062 1439 1255 1486 quorum
1298 1422 1612 1470 determinatio
1649 1439 1738 1470 non
1771 1438 1796 1469 a
1831 1425 1920 1469 situ
1954 1425 2159 1485 corporis
2194 1411 2405 1485 respectu
2438 1430 2675 1471 ternorum
2711 1424 2893 1473 illorum
2940 1426 2950 1484 l

185 1521 330 1565 axium
365 1522 411 1566 in
443 1520 584 1583 spatio
619 1521 826 1568 absoluto
871 1527 1118 1566 sumtorum
1155 1517 1391 1580 penderet,
1440 1517 1520 1564 sed
1554 1533 1579 1563 a
1615 1518 1760 1564 tribus
1792 1517 1948 1564 axibus
1984 1519 2029 1563 in
2065 1519 2163 1579 ipso
2198 1532 2389 1579 corpore
2425 1519 2655 1576 assumtiS,
2707 1525 2756 1565 et
2788 1533 2894 1566 cum
2944 1493 2950 1598 ἐ

184 1609 303 1674 ἰρεσ
331 1613 583 1661 mobilibus
651 1613 870 1670 Quoniam
921 1614 1040 1659 enim
1090 1619 1296 1673 respectu
1348 1613 1538 1658 istorum
1579 1613 1728 1658 axium
1767 1603 1932 1673 corpus
1970 1618 2189 1673 perpetuo
2232 1609 2425 1657 eundem
2466 1614 2602 1658 situm
2637 1617 2890 1668 conservat,
2940 1611 2950 1671 1

185 1798 302 1848 Hinc
337 1804 470 1849 etiam
502 1804 685 1865 regulae
719 1802 776 1850 ad
812 1809 983 1848 motum
1018 1797 1347 1857 definiendum,
1382 1815 1492 1862 quas
1527 1800 1586 1847 ibi
1621 1799 1808 1858 tradidi,
1844 1800 1990 1847 multo
2025 1783 2202 1846 facilius
2227 1799 2284 1846 ad
2310 1816 2441 1847 usum
2468 1796 2714 1856 transferri,
2751 1807 2892 1862 atque
2946 1823 2950 1868 3

186 1707 408 1755 elementa
442 1708 517 1755 illa
551 1708 687 1755 semel
722 1708 1042 1755 determinasse
1082 1702 1277 1763 sufficit,
1333 1708 1501 1769 sicque,
1523 1705 1652 1752 labor
1685 1706 1846 1752 calculi
1884 1707 2097 1752 continuo
2132 1704 2188 1751 de
2222 1720 2342 1753 novo
2376 1704 2644 1752 instituendi
2679 1707 2890 1753 evitatur.

186 1894 243 1941 ad
271 1902 421 1944 motus
448 1912 686 1959 corporum
712 1912 736 1944 a
764 1896 933 1942 viribus
959 1895 1304 1957 quibuscunque
1329 1894 1672 1941 sollicitatorum
1696 1893 2036 1955 investigandos
2062 1895 2171 1940 satis
2196 1892 2403 1956 expedite
2428 1891 2762 1941 accommodari
2785 1907 2893 1956 pos-
2944 1915 2950 1956 ᾗ

109 2018 118 2034 ,
186 1998 306 2037 sunt
374 1990 425 2038 ld
472 1992 614 2038 solum
666 1990 1002 2038 incommodum
1045 1990 1304 2043 etiamnunc
1345 1995 1508 2041 restat,
1558 1987 1682 2051 quod
1724 2003 2048 2051 saepenumero
2090 1986 2148 2034 ad
2191 1987 2392 2035 calculos
2432 1984 2527 2034 fere
2567 1987 2895 2035 inextricabiles
2944 1969 2950 2063 l

187 2083 483 2132 deducamur:
517 2101 691 2142 verum,
729 2086 812 2131 etsi
848 2086 892 2130 in
923 2084 1010 2130 hoc
1045 2098 1138 2130 non
1171 2090 1261 2128 tam
1291 2082 1576 2130 Mechanicae
1610 2098 1742 2145 quam
1771 2082 2017 2143 Analyseos
2051 2080 2254 2129 defectus
2286 2083 2509 2140 cernitur,
2543 2088 2695 2129 tamen
2721 2084 2759 2130 si
2786 2083 2895 2130 istas
2943 2094 2950 2136 j

184 2158 366 2240 regulas
398 2177 623 2242 frequenti
658 2194 742 2226 usu
779 2179 908 2225 nobis
942 2179 1086 2239 magis
1120 2175 1362 2223 familiares
1396 2176 1659 2233 reddemus,
1698 2176 1885 2223 dubium
1919 2183 1988 2222 est
2023 2176 2216 2233 nullum,
2253 2178 2360 2238 quin
2396 2175 2617 2233 calculus,
2651 2190 2732 2239 per
2764 2176 2892 2239 plura
2942 2166 2950 2212 ἶ

185 2275 428 2319 tentamina
460 2272 645 2319 tandem
680 2272 960 2319 tractabilior
993 2267 1232 2317 efficiatur.
1283 2270 1415 2327 Quod
1449 2270 1569 2317 idem
1606 2269 1662 2317 de
1691 2270 1789 2316 aliis
1814 2266 2152 2317 difficilioribus
2177 2270 2599 2332 investigationibus
2622 2265 2894 2333 experientia

183 2366 438 2413 luculenter
471 2364 688 2424 testatur,
724 2381 838 2428 quae
873 2366 1051 2412 nonnisi
1086 2371 1191 2427 post
1224 2364 1444 2427 plurimos
1478 2371 1672 2420 conatus
1704 2363 1884 2411 demum
1918 2364 1976 2411 ad
2010 2362 2263 2411 faciliorum
2297 2379 2430 2411 usum
2464 2371 2570 2412 sunt
2602 2364 2855 2413 traductae.
2946 2348 2950 2367 Ι

318 2461 364 2507 6.
417 2460 540 2516 Quae
577 2466 725 2506 autem
759 2467 858 2505 tum
891 2461 1107 2522 temporis
1143 2458 1200 2506 de
1234 2458 1325 2506 hoc
1359 2464 1631 2521 argumento
1665 2460 1937 2521 conscripsi,
1972 2457 2180 2504 brevitati
2216 2459 2457 2505 consulens
2490 2454 2586 2505 fere
2621 2460 2753 2506 nimis
2783 2473 2891 2522 suc-
2947 2499 2950 2516 ,

183 2558 331 2601 cincte
367 2556 601 2616 proposui,
634 2569 779 2616 neque
814 2560 982 2600 cuncta
1017 2560 1260 2610 momenta,
1297 2553 1607 2615 quibus'haec
1641 2553 1930 2614 investigatio
1967 2553 2196 2610 innititur,
2233 2555 2340 2600 satis
2374 2553 2634 2600 luculenter
2660 2553 2890 2617 explicavi·
2946 2532 2950 2587 ἳ-

183 2649 302 2695 Tum
337 2663 446 2695 vero
482 2649 616 2693 etiam
649 2647 738 2694 hoc
773 2648 1007 2708 negotium
1043 2661 1121 2708 per
1154 2644 1373 2694 formulas
1403 2623 1534 2693 valde
1569 2646 1762 2709 prolixas
1795 2645 2102 2694 et'taediosas
2134 2645 2193 2693 ad
2227 2642 2364 2694 finem
2398 2645 2606 2710 perduxi,
2642 2662 2757 2710 quae
2783 2662 2890 2696 cum

185 2742 366 2789 tandem
399 2742 626 2804 aliquanto
653 2742 954 2804 vsimpliciores
987 2743 1236 2798 extiterint,
1273 2741 1448 2788 nullum
1482 2747 1551 2786 est
1584 2740 1794 2797 dubium,
1830 2742 1939 2802 quin
1974 2740 2273 2803 eaedem-per
2303 2743 2420 2788 viam
2456 2743 2599 2804 magis
2631 2741 2810 2804 planam
2842 2749 2890 2790 et
2947 2743 2950 2747 ⁴

182 2834 363 2883 facilem
411 2837 602 2882 obtineri
653 2833 832 2898 queant.
901 2835 1121 2891 Quoniam
1173 2837 1313 2896 igitur
1358 2842 1454 2882 tam
1497 2834 1622 2882 ardui
1663 2836 1814 2898 operis
1853 2837 2064 2882 tractatio
2106 2837 2296 2899 repetita
2337 2851 2513 2899 semper
2554 2837 2687 2895 nobis
2720 2851 2889 2885 novum
2946 2812 2950 2859 Ξ

185 2933 337 2978 lumen
370 2932 525 2993 largiri
559 2908 695 2988 solet,
727 2945 783 2977 ac
818 2937 909 2976 tam
943 2932 1117 2977 insueta
1152 2930 1352 2993 objecta,
1388 2945 1501 2992 quae
1537 2945 1639 2977 cum
1674 2929 1762 2976 hac
1798 2931 2143 2993 investigatione
2175 2937 2284 2978 sunt
2317 2946 2540 2989 connexa,
2581 2933 2760 2979 nonnisi
2792 2929 2888 2980 fre-
2947 2951 2950 2971 ³

185 3028 339 3088 quenti
383 3034 428 3072 et
462 3020 642 3074 assiduo
685 3041 773 3073 usu
818 3025 947 3072 nobis
986 3002 1219 3071 familiaria
1258 3023 1535 3081 redduntur,
1587 3024 1676 3072 hoc
1717 3023 1898 3087 quidem
1933 3023 2051 3082 idem
2085 3033 2405 3088 argumentum
2445 3025 2596 3072 denuo
2629 3025 2885 3090 aggrediar,
2946 3063 2950 3065 μ

183 3136 453 3183 operamque
505 3119 642 3176 dabo,
695 3127 747 3167 ut
787 3119 835 3166 id
876 3127 967 3166 tam
1011 3121 1266 3181 perspicue,
1315 3134 1451 3182 quam
1490 3118 1674 3182 quidem
1712 3119 1770 3165 ob
1813 3121 1879 3166 rei
1922 3115 2244 3166 difficultatem
2278 3115 2376 3166 fieri
2410 3122 2601 3181 poterit,
2651 3135 2885 3183 exponam.
2919 3123 2924 3128 '

185 3215 403 3270 Quoniam
441 3230 549 3262 vero
582 3222 686 3261 ante
720 3213 778 3261 ad
813 3221 965 3261 motus
997 3220 1174 3261 tantum
1207 3229 1306 3271 eos,
1358 3215 1434 3276 qui
1469 3215 1587 3260 circa
1621 3220 1831 3260 centrum
1866 3215 2104 3276 gravitatis
2138 3209 2276 3272 fiunt,
2328 3213 2663 3276 indagationem
2697 3215 2888 3273 institui,

189 3322 312 3355 nunc
349 3323 445 3355 rem
488 3308 719 3371 aliquanto
760 3308 1012 3371 generalius
1053 3322 1152 3355 sum
1185 3308 1518 3371 complexuruS,
1568 3315 1829 3371 motusque,
1881 3310 1955 3371 qui
1997 3310 2119 3355 circa
2156 3307 2462 3379 quodcunque
2495 3305 2887 3371 punctumnfixum
2940 3346 2950 3358 ,

186 3405 365 3450 evenire
398 3410 611 3466 possunt,
654 3402 712 3449 ad
746 3417 926 3449 examen
960 3401 1198 3449 revocabo.
1908 3469 1911 3473 Ι

319 3499 361 3543 7.
415 3496 561 3545 Omne
595 3511 762 3559 corpus
795 3498 859 3542 ita
891 3498 1061 3543 moveri
1095 3496 1268 3558 potest,
1308 3503 1362 3544 ut
1395 3496 1485 3544 duo
1517 3497 1699 3559 quaevis
1733 3495 1831 3559 ejus
1865 3503 2034 3559 puncta
2068 3498 2113 3544 in
2148 3499 2302 3560 quiete
2337 3505 2650 3559 permaneant,
2702 3513 2756 3547 ac
2790 3506 2887 3547 tum

185 3591 316 3638 simul
350 3594 496 3639 o‘mnia
530 3599 717 3655 puncta,
755 3605 868 3653 quae
901 3591 1019 3637 inter
1051 3590 1165 3637 haec
1201 3590 1294 3638 duo
1330 3592 1379 3637 in
1413 3586 1637 3638 directum
1664 3590 1839 3654 jacent,
1874 3592 2134 3654 quiescunt,
2170 3606 2260 3653 quo
2293 3605 2402 3638 casu
2427 3606 2594 3655 corpus
2620 3592 2884 3641 circahanc

182 3684 345 3732 lineam
379 3693 547 3734 rectam
581 3688 627 3733 in
662 3699 824 3748 gyrum
856 3685 930 3746 agi
964 3683 1151 3742 dicitur,
1186 3684 1353 3747 hicque
1389 3691 1537 3732 motus
1569 3686 1741 3732 ratione
1776 3685 2022 3732 celeritatis
2055 3687 2103 3732 in
2136 3681 2362 3732 infinitum
2396 3688 2570 3733 variare
2602 3693 2768 3749 potest.
2794 3658 2885 3734 'sin

181 3785 332 3825 autem
374 3787 555 3843 praeter
594 3795 647 3827 ea
687 3779 778 3827 duo
812 3786 978 3842 puncta
1009 3780 1194 3826 tertium
1226 3778 1469 3841 quodpiam
1503 3785 1743 3841 punctum,
1798 3793 1890 3825 non
1923 3780 2043 3825 inter
2075 3793 2130 3825 ea
2161 3780 2320 3837 situm,
2371 3793 2450 3826 seu
2483 3795 2586 3827 cum
2620 3781 2677 3827 iis
2707 3783 2804 3826 000
2832 3782 2879 3827 in
2947 3772 2950 3821 ζ

2926 3826 2950 3840 Ἀ

181 3868 402 3918 directum
428 3874 604 3936 jacens,
649 3876 695 3921 in
729 3875 879 3938 quiete
913 3874 1183 3930 retineatur,
1225 3878 1320 3918 tum
1356 3871 1540 3919 evidens
1575 3877 1644 3918 est
1678 3870 1852 3918 nullum
1885 3871 2017 3934 plane
2051 3878 2224 3920 motum
2256 3874 2302 3918 in
2334 3887 2504 3936 corpus
2535 3871 2698 3920 cadere
2732 3885 2878 3935 posse.
