2950 4276
47 1039 126 1188 tes(
307 1112 309 1114 ψ
1292 1084 1494 1152 xxv.

124 1322 126 1325 .
200 1331 204 1333 ,
264 1279 394 1342 ne
428 1277 1067 1357 amplificatione
1102 1279 1371 1359 campi
1405 1280 1873 1359 apparentis
1911 1280 1997 1343 in
2033 1282 2507 1365 teleseopiiS.

46 1695 91 1904 ³2
135 1776 137 1778 ·
184 1761 226 1804 1.
292 1757 415 1806 Duae
447 1771 522 1805 res
554 1757 833 1821 potissimum
867 1755 926 1804 ad
956 1753 1284 1820 perfectionem
1319 1757 1686 1820 telescopiorum,
1722 1772 1835 1821 quae
1871 1758 2052 1823 quidem
2087 1759 2262 1824 objecta
2296 1761 2418 1808 clare
2443 1774 2495 1810 ac
2523 1763 2732 1815 distincte

103 1859 397 1910 raesentent,
437 1853 750 1914 requiruntur,
784 1865 974 1914 quarum
1009 1851 1149 1898 altera
1180 1850 1238 1898 ad
1273 1851 1461 1909 lentem,
1496 1866 1628 1914 quam
1664 1866 1830 1900 vocare
1863 1853 2013 1900 solent
2045 1854 2335 1917 objectivam‚
2369 1864 2565 1918 spectat,
2601 1860 2732 1925 cujus

48 1940 50 2010 J
109 1969 154 2014 ,ῃ
193 1947 259 1994 tio
298 1949 345 1996 in
378 1963 433 1996 eo
467 1948 693 2002 consistit,
734 1954 785 1994 ut
817 1951 901 2010 pro
934 1953 1145 2009 apertura
1184 1946 1465 2010 quantumvis
1500 1962 1660 2011 magna
1692 1950 2042 2011 repraesentatio
2076 1951 2283 2011 imaginis
2315 1951 2438 1998 nulla
2471 1951 2733 2002 confusione

47 2014 318 2098 *³‘7=···etur,
357 2049 492 2105 atque
534 2042 721 2106 insuper
761 2041 859 2104 ejus
897 2056 982 2103 ope
1024 2037 1235 2088 confusio
1274 2055 1300 2088 a
1341 2041 1527 2103 reliquis
1566 2041 1762 2089 lentibus
1803 2041 1993 2090 oriunda
2034 2041 2207 2092 destrui
2242 2045 2405 2106 possit:
2447 2043 2536 2093 hoc
2569 2049 2732 2110 quippe

94 2132 99 2140 ι

48 2145 104 2162 ῐ“,

47 2176 113 2234 ³

48 2236 51 2244 .
64 2225 85 2248 μ

128 2155 165 2177 ιι
212 2134 334 2189 lente
372 2135 597 2199 objectiva
639 2135 707 2181 uti
745 2134 926 2189 licebit,
981 2134 1113 2198 cujus
1155 2130 1368 2182 dista'ntia
1407 2132 1498 2182 foci
1540 2150 1632 2183 non
1673 2143 1746 2182 est
1785 2134 1898 2184 adeo
1939 2150 2121 2198 magna,
2170 2138 2324 2199 sicque
2368 2144 2463 2185 tota
2505 2140 2733 2204 telescopii

48 2274 50 2287 ,
116 2252 155 2284 μ
200 2229 281 2280 do
315 2230 499 2285 maxime
534 2228 840 2283 contrahitur,
874 2244 926 2274 ex
959 2244 1049 2292 quo
1086 2230 1239 2292 utique
1273 2243 1495 2276 summum
1531 2228 1816 2277 commodum
1853 2231 1898 2276 in
1933 2231 2086 2292 praxin
2121 2237 2367 2292 promanat.
2434 2230 2734 2287 Quemadmo-

0 2363 1 2368 ,
47 2294 85 2350 ῑΗ
126 2349 136 2384 ,ι
179 2329 330 2372 autem
362 2321 623 2394 hujusmodi
656 2322 802 2370 lentes
834 2319 1077 2386 objectivas
1109 2337 1160 2369 ex
1196 2321 1371 2370 duabus
1412 2322 1631 2382 lentibus,
1671 2323 1809 2370 altera
1843 2338 2059 2379 convexa,
2095 2323 2233 2370 altera
2266 2338 2488 2382 concava,
2524 2330 2732 2390 componi

112 2438 130 2478 :f
181 2425 262 2478 ·t‚
310 2416 418 2465 alio·
439 2416 545 2466 loco
585 2414 731 2465 fusIus
772 2418 980 2480 exposui,
1032 2416 1110 2465 ubi
1147 2417 1284 2464 simul
1320 2416 1503 2465 ostendi
1545 2416 1802 2481 hujusmodi
1843 2417 1985 2465 lentes
2032 2418 2281 2479 composita
2319 2419 2365 2464 in
2407 2418 2732 2474 combinatione

6 2555 7 2559 ,
50 2521 63 2538 ³
155 2574 157 2577 ,
177 2519 467 2576 quotcunque
499 2512 598 2559 aliis
629 2514 776 2561 instar
807 2513 1075 2576 simplicium
1112 2512 1384 2561 considerari
1419 2528 1572 2576 posse,
1616 2520 1664 2560 et
1699 2514 1802 2576 quia
1837 2514 2045 2575 exiguum
2079 2513 2266 2560 lentium
2309 2513 2484 2560 illarum
2519 2514 2733 2562 interval-

50 2638 53 2683 ³
99 2606 456 2677 „variationem
489 2608 743 2670 quampiam
777 2605 998 2666 admittit,
1037 2605 1128 2654 hoc
1150 2606 1303 2677 *modo
1342 2604 1653 2655 confusionem
1685 2622 1712 2654 a
1745 2608 1920 2654 cunctis
1951 2606 2147 2654 lentibus
2181 2605 2415 2683 oriundam
2448 2605 2507 2654 ad
2540 2606 2728 2655 nihilum

62 2694 106 2762 χ’
120 2700 154 2755 ·”-·,
167 2715 241 2754 ere
274 2700 397 2749 licet.

50 2771 125 2911 {ff
150 2824 153 2825 ’
173 2823 222 2870 2.
290 2824 443 2871 Altera
475 2831 624 2870 autem
658 2837 730 2870 res
762 2824 807 2870 in
842 2821 1135 2886 amplitudine
1167 2824 1313 2887 campi
1354 2838 1433 2886 per
1465 2823 1758 2887 telescopium
1794 2824 2021 2885 conspicui
2056 2822 2141 2869 sita
2175 2828 2265 2880 est,
2308 2835 2423 2884 quae
2462 2836 2550 2885 quo
2589 2820 2728 2871 fuerit

50 2943 112 3006 ³³³³>
192 2953 207 2975 ,
240 2932 296 2964 eo
329 2915 572 2981 perfectius
606 2919 765 2965 merito
798 2916 1090 2980 telescopium
1124 2919 1425 2972 existimatur,
1468 2919 1575 2980 quin
1609 2919 1780 2964 etiamsi
1819 2916 1930 2964 haec
1963 2918 2262 2964 instrumenta
2296 2930 2321 2963 a
2355 2917 2488 2962 nimia
2524 2916 2728 2978 longitu-

13 3046 16 3068 ³
52 3007 95 3087 “³³³
119 3029 133 3037 ”
178 3010 355 3059 liberari
389 3027 481 3060 non
515 3019 719 3075 possent,
761 3013 954 3075 insignis
993 3013 1136 3075 campi
1176 3013 1430 3075 apparentis
1467 3007 1759 3074 amplificatio
1802 3010 1890 3058 hoc
1932 3009 2266 3058 incommodum
2302 3010 2484 3072 largiter
2516 3024 2728 3072 compen-

16 3152 17 3156 ,
167 3111 448 3165 '‘censeretur.
515 3105 567 3174 ln
608 3107 894 3167 navigatione
933 3113 1054 3154 certe
1095 3121 1205 3154 usus
1255 3105 1474 3169 majorum
1524 3105 1871 3168 telescopiorum
1915 3118 2003 3150 non
2042 3111 2134 3150 tam
2182 3102 2240 3150 oh
2294 3104 2522 3166 ingentem
2571 3118 2726 3151 eorum

17 3137 365 3265 ,ιῃὴηάἰηεω
407 3199 685 3259 excluditur,
726 3214 859 3264 quam
902 3198 1026 3257 ideo,
1067 3198 1191 3263 quod
1231 3201 1364 3247 nimis
1403 3201 1613 3262 exiguum
1655 3214 1861 3261 campum
1901 3197 2284 3260 complectuntur,
2323 3211 2413 3259 quo
2451 3192 2528 3254 fit,
2573 3205 2621 3244 ut
2662 3199 2725 3246 vel

17 3266 255 3376 ‘ETW
295 3290 414 3340 sacta
454 3294 697 3356 agitatione
739 3294 921 3358 objecta
968 3293 1117 3342 subito
1159 3293 1439 3356 dispareant,
1492 3292 1617 3356 quod
1658 3307 1747 3340 non
1790 3293 2009 3346 eveniret,
2050 3292 2088 3337 si
2127 3305 2333 3353 campum
2368 3291 2476 3337 satis
2517 3305 2725 3352 magnum

46 3372 95 3420 ἶ
118 3404 157 3437 „1
201 3393 313 3434 rent.
382 3385 554 3435 Verum
588 3389 682 3457 sine
718 3386 856 3435 dubio
890 3403 1090 3435 summus
1122 3385 1414 3453 perfectionis
1447 3386 1617 3450 gradus
1651 3388 1920 3450 attingetur,
1955 3386 1992 3433 si
2026 3399 2129 3431 cum
2165 3385 2328 3445 insigni
2362 3398 2519 3445 campo
2553 3382 2725 3431 modica

47 3421 171 3517 issfw
212 3458 498 3528 instrumenti
539 3480 780 3544 longitudo
822 3479 962 3531 fuerit
1001 3482 1268 3546 conjuncta,
1322 3480 1396 3530 uhi
1442 3480 1625 3543 quidem
1667 3481 1963 3570 telescopium
2014 3476 2072 3525 ad
2114 3476 2260 3524 datam
2311 3476 2722 3538 multiplicationem

47 3522 142 3580 t

47 3583 69 3631 ‚l
118 3573 368 3623 mendam
401 3574 739 3624 accomodatam
773 3575 965 3642 intelligi
999 3575 1147 3623 debet.

47 3625 134 3793 ,ξ’
178 3692 224 3739 3.
290 3693 341 3742 ln
374 3694 643 3758 vulgaribus
673 3696 855 3760 quidem
887 3695 1164 3760 telescopiiS,
1198 3710 1312 3760 quae
1345 3697 1521 3746 (imbus
1554 3696 1748 3744 lentibus
1787 3694 1994 3743 convexis
2032 3698 2137 3739 sunt
2177 3692 2412 3744 instructa,
2455 3696 2611 3736 notum
2651 3697 2722 3736 est

172 3836 177 3842 ,
213 3789 443 3852 1111111μῦσυὶ
477 3790 815 3853 amplitudinem
848 3791 908 3839 ab
949 3798 1160 3854 apertura
1195 3791 1328 3839 lentis
1361 3788 1559 3839 ocularis
1591 3789 1807 3853 pendere,
1847 3801 1959 3850 quae
2000 3799 2103 3833 cum
2138 3791 2287 3832 certos
2319 3783 2482 3830 limites
2515 3795 2595 3844 per
2625 3782 2722 3845 ejus

47 3851 251 3972 ,Μ
269 3884 575 3947 μεωετὶριω
601 3884 855 3947 transgredi
888 3891 1106 3948 nequeat,
1147 3884 1255 3934 hinc
1295 3887 1515 3934 terminus
1555 3896 1714 3946 campo
1752 3883 1975 3930 statuitur.
2043 3877 2151 3926 Foci
2182 3875 2363 3941 quidem
2397 3875 2604 3923 distantia
2639 3890 2720 3938 per

2405 3968 2433 3996 ἢ

46 4081 54 4158 ,
76 4048 78 4050 ,

48 4160 129 4276 i
