2950 4276
757 226 825 277 De
863 235 989 278 motu
1029 244 1286 297 corporum
1326 244 1468 298 super
1506 228 1837 298 superficiebus
1875 229 2136 281 mobilibus,
2729 232 2793 283 67

94 370 301 429 quoniam
338 377 555 430 punctum
593 369 755 416 mobile
789 378 1008 432 perpetuo
1043 365 1301 432 superficiei
1337 372 1567 418 inhaerere
1603 386 1742 433 ponc,
1783 379 1999 435 tanquam
2035 374 2081 419 in
2118 373 2232 421 tubo
2268 373 2542 423 movebiturss
2587 374 2673 420 'Ex
2713 389 2803 436 quo

91 467 184 507 tota
220 464 421 523 quaestio
455 462 548 509 huc
583 463 850 521 reducetur,
886 472 939 510 ut
974 463 1297 510 determinetur
1330 471 1480 511 motus
1515 467 1672 526 puncti
1708 468 1755 512 in
1789 466 1902 523 tubo
1923 468 2029 512 sive
2063 474 2193 514 recto
2228 469 2321 514 sive
2356 483 2517 524 curvo,
2569 474 2801 529 utcunque

90 563 227 603 moto.
299 558 366 603 Ac
402 560 544 619 primo
586 558 766 620 quidem
801 558 924 605 hunc
958 558 1142 613 tubum,
1186 557 1370 619 ¹inquo
1398 573 1575 619 corpus:
1602 560 1743 606 instar
1771 563 1932 621 ,puncti
1968 561 2304 609 consideratum
2342 569 2599 619 moveatur,-
2629 563 2801 610 ‹immo-

90 650 223 697 bilem
258 666 503 706 assumam,
535 668 624 714 quo
657 649 842 698 facilius
871 652 978 698 hinc
1012 651 1185 698 solutio
1216 650 1274 697 ad
1309 651 1467 697 tubum
1501 652 1712 699 mobilem
1749 653 1958 706 derivari
1975 663 2171 716 queat.
2214 690 2233 692 -
2304 657 2342 696 ι’
2403 681 2426 694 f·
2454 685 2457 689 -
2499 670 2503 690 ι

191 761 298 807 20.
351 765 665 808 Problema
692 768 739 810 1.
791 759 906 822 (Fig.
948 750 1075 821 13'1.)
1119 759 1360 806 invenire
1381 757 1576 806 motum
1589 758 1814 822 corporis
1822 760 1886 807 Ρ
1919 771 2069 824 super
2086 760 2321 825 superficie
2363 765 2576 812 immobili
2602 764 2718 821 AB,
2742 767 2800 811 ''si

39 902 43 904 s
90 868 254 915 corpus
289 856 333 899 P
367 870 391 901 a
425 856 560 902 nullis
594 856 764 901 viribus
795 854 1087 900 sollicitetur,
2454 871 2458 874 ²
2677 870 2679 872 ·
2745 872 2747 874 ·

218 966 475 1012 solutio.
519 960 717 1011 Ponatur
757 967 923 1024 corpus
958 958 1015 1007 in
1042 963 1081 1007 P
1112 961 1282 1008 hahere
1318 952 1594 1009 celeritatem
1629 953 1861 1022 altitudini
1890 979 1912 1009 v
1949 963 2167 1021 debitam,
2210 981 2294 1026 qua
2338 966 2567 1012 celeritate
2602 970 2684 1013 nisi
2718 984 2798 1016 su-

87 1053 284 1120 perficiei
320 1059 404 1106 AB
438 1057 669 1104 inhaerere
707 1065 973 1119 cogeretur,
1027 1058 1195 1102 moveri
1239 1041 1446 1117 pergeret
1480 1059 1522 1103 in
1562 1057 1812 1104 directione
1848 1056 2078 1120 tangentis
2120 1059 2214 1115 Pa,
2266 1066 2414 1121 atque
2436 1062 2715 1121 tempusculo
2751 1063 2801 1109 dc

87 1151 343 1203 absolveret
380 1145 571 1215 spatium
594 1139 942 1217 Pnzdth.
1011 1150 1411 1212 lmpenetrabilitas
1455 1149 1618 1197 autem'
1643 1147 1900 1212 superficiei
1937 1152 2143 1213 impedit,
2180 1155 2418 1213 quominus
2453 1167 2616 1214 corpus
2651 1155 2694 1199 P
2727 1171 2800 1202 se-

43 1284 49 1288 .
87 1247 240 1291 mitam
280 1246 347 1308 Pp
383 1244 579 1301 deserat,
633 1252 768 1306 atque
805 1243 987 1305 perinde
1023 1245 1066 1288 in
1101 1257 1268 1304 corpus
1305 1249 1432 1304 aget,
1487 1245 1612 1305 quasi
1650 1244 1693 1288 id
1729 1245 1946 1301 continuo
1981 1258 2007 1288 a
2044 1244 2110 1299 vi,
2154 1243 2285 1306 cujus
2321 1243 2509 1290 directio
2544 1246 2600 1291 ad
2638 1248 2707 1309 Pp
2742 1251 2800 1295 sit

87 1340 309 1396 normalis,
346 1340 679 1398 sollicitaretur,
734 1338 803 1384 Sit
836 1339 949 1384 haec
977 1340 1041 1383 vis
1068 1337 1359 1383 acceleratrix
1383 1353 1611 1399 =q,-qua
1640 1321 1804 1402 corpus
1832 1338 2083 1385 secundum
2112 1339 2184 1383 Pa
2214 1353 2558 1399 progressurum
2587 1344 2799 1389 continuo

85 1435 346 1490 normaliter
379 1433 436 1480 ad
474 1436 542 1496 Pp
577 1434 866 1488 sollicitetur,
902 1434 1103 1494 haecque
1138 1434 1204 1478 vis
1238 1439 1366 1478 tanta
1399 1447 1498 1478 esse
1533 1408 1732 1489 debebit,
1769 1415 1835 1479 ut*
1856 1409 2137 1493 temp,usculo
2174 1433 2223 1478 dt
2255 1448 2346 1480 non
2380 1435 2571 1495 spatium
2607 1437 2683 1482 Ρπ
2718 1436 2800 1483 sed

40 1577 52 1586 ‚
83 1530 287 1577 arculum
333 1530 420 1591 Pp,
474 1530 549 1591 qui
600 1531 691 1590 ipse
726 1531 784 1574 sit
820 1527 1037 1590 particula
1074 1528 1169 1572 viae
1210 1528 1504 1588 praescriptae
1544 1526 1648 1583 AB,
1685 1527 1903 1573 absolvat.
1977 1526 2036 1572 At
2077 1541 2155 1588 per
2191 1525 2295 1589 (13)
2333 1529 2397 1573 vis
2431 1530 2718 1576 acceleratrix
2754 1548 2797 1594 q,

60 1618 215 1688 >cujus
249 1624 438 1670 directio
474 1623 530 1669 ad
567 1625 632 1684 Pp
670 1623 747 1668 vel
779 1624 853 1668 Ρπ
889 1630 956 1667 est
993 1621 1224 1677 normalis,
1263 1636 1429 1682 corpus
1463 1628 1654 1682 cogetur
1690 1623 1734 1666 in
1767 1637 1877 1666 arcu
1914 1621 2073 1666 circuli
2112 1595 2346 1682 progredi,
2383 1623 2512 1684 cujus
2544 1623 2698 1670 radius
2731 1633 2798 1671 est

88 1703 249 1816 ἐξ,
267 1730 347 1820 qui
381 1744 534 1785 ar,cus
575 1735 629 1774 ut
662 1743 764 1774 cum
800 1725 1020 1788 elemento
1055 1708 1219 1772 curvae
1256 1727 1327 1802 Pp
1364 1724 1609 1826 congruat,
1655 1721 1837 1771 necesse
1874 1733 1943 1770 est
1979 1733 2030 1772 ut
2069 1701 2112 1812 ῗῖ
2169 1713 2366 1802 aequalis
2399 1728 2456 1772 sit
2490 1727 2616 1773 radio
2652 1730 2794 1775 osculi

88 1862 249 1893 curvae
285 1844 407 1892 AB
396 1861 441 1890 ιιι
472 1845 525 1890 P.
578 1841 648 1888 Sit
683 1844 820 1903 igitur
853 1809 1004 1888 radius
1040 1842 1185 1889 osculi
1223 1856 1387 1887 curvae
1424 1843 1467 1886 in
1505 1848 1675 1910 puncto
1715 1801 1894 1897 P=r·‚
1931 1842 2105 1902 eritque
2137 1816 2304 1927 {3:7·
2340 1848 2386 1915 et
2421 1817 2608 1917 ᾳε-ἶ-ν·
2678 1843 2797 1890 Tum

1884 1942 1928 1976 qq
1934 1924 1992 1965 ἀι2

87 1976 193 2026 vero
230 1964 270 2019 ,si
305 1961 511 2008 celeritas
544 1961 590 2004 in
620 1975 651 2020 p
688 1957 837 2004 debita
876 1965 1070 2019 ponatur
1101 1956 1327 2003 altitudini
1361 1972 1381 2002 c>
1410 1972 1464 2001 -ι-
1486 1955 1563 2012 ἀν,
1608 1957 1693 2001 erit
1729 1956 1866 2001 dv:
1990 1982 2016 2003 ‚
2068 1955 2258 2019 ideoque
2301 1956 2358 2002 ob
2400 1956 2468 2002 dt2
2507 1953 2799 2004 differentiale

85 2040 274 2120 secundi
315 2065 488 2127 gradus
530 2065 616 2110 erit
660 2064 869 2116 dv=03
920 2069 1053 2124 atque
1090 2077 1256 2124 corpus
1289 2069 1416 2108 motu
1453 2061 1672 2123 aequabili
1709 2076 1844 2122 super
1879 1997 2118 2123 su⁴perficie
2155 2062 2240 2108 AB
2273 2031 2467 2107 incedet.
2537 2062 2590 2130 Q.
2619 2062 2667 2109 Ε.
2697 2063 2731 2109 1.

219 2174 297 2218 21.
350 2178 646 2221 coron-1.
696 2167 917 2222 Quoniam
953 2168 1092 2228 igitur
1128 2181 1292 2227 corpus
1327 2147 1463 2227 super
1496 2161 1735 2228 superficie
1773 2165 1856 2213 AB
1888 2174 2013 2217 motu
2043 2165 2264 2227 aequabili
2291 2163 2484 2223 incedit,
2519 2167 2555 2211 si
2582 2181 2800 2228 ponamus

54 2257 289 2330 ‘corporis
332 2268 458 2312 initio
500 2266 561 2310 in
581 2262 622 2310 A
657 2262 933 2309 celeritatem
972 2259 1110 2307 fuisse
1153 2260 1349 2343 debitam
1391 2259 1620 2306 altitudini
1658 2275 1705 2316 c,
1741 2259 1859 2307 hanc
1902 2260 2088 2307 eandem
2122 2261 2398 2325 celeritatem
2433 2261 2652 2307 continuo
2687 2275 2799 2307 con-

87 2362 305 2418 servabit,
342 2362 517 2422 eritque
552 2360 597 2405 in
636 2359 674 2403 P
709 2355 907 2403 altitudo
943 2334 1166 2402 celeritati
1202 2353 1357 2429 debita
1389 2370 1413 2400 v
1433 2368 1554 2400 =c.

218 2468 297 2516 22.
348 2470 570 2511 corou.
609 2471 662 2512 2.
711 2461 758 2508 Si
793 2467 991 2523 ponatur
1025 2474 1158 2506 arcus
1193 2456 1421 2516 AP=s,
1446 2465 1513 2524 *et
1546 2458 1646 2521 ejus
1681 2457 1952 2513 elementum
1989 2459 2143 2521 Pp==
2162 2458 2231 2515 ds,
2266 2456 2392 2520 quod
2428 2458 2717 2520 tempuscnlo
2747 2458 2799 2504 dt

22 2542 25 2555 ¹
47 2572 55 2587 ¹
86 2573 315 2629 celeritate
331 2567 410 2625 Vc
428 2571 729 2633 percurritur,
765 2568 853 2613 erit
878 2565 1013 2613 ds—
950 2599 1013 2606 -
1034 2565 1084 2610 dt
1101 2560 1192 2621 Vc,
1219 2563 1416 2626 hincque
1444 2564 1574 2610 dt—
1512 2584 1574 2604 =
1594 2540 1673 2641 ΐ-σ,
1726 2580 1778 2610 ex
1813 2579 1905 2626 quo
1939 2560 2009 2610 fit·
2006 2570 2206 2627 tempus
2239 2549 2487 2641 t-——Jc—
2424 2597 2487 2603 .-
2506 2539 2580 2640 {47}
2653 2562 2797 2618 Quare

86 2680 230 2742 spatia
264 2691 476 2741 percursa
510 2681 645 2721 erunt
676 2671 959 2736 temporibus
993 2642 1365 2732 proportionalia,
1404 2670 1586 2715 omnino
1619 2675 1674 2716 ut
1706 2675 1858 2716 motus
1891 2667 2132 2730 aequabilis
2165 2668 2378 2730 postulat.

169 2803 175 2807 '
221 2800 658 2847 23.1301·011.3.
717 2793 938 2848 Quoniam
974 2805 1084 2836 vero
1120 2789 1211 2850 ipsa
1246 2803 1387 2835 curva
1422 2787 1478 2834 ad
1513 2803 1680 2850 corpus
1716 2790 1759 2833 in
1795 2783 2034 2849 superficie
2071 2788 2140 2849 Pp
2176 2786 2502 2834 continendum
2538 2786 2798 2832 normaliter

20 2887 22 2912 ³
57 2890 60 2892 ’
90 2884 154 2936 in
170 2903 336 2951 corpus
367 2889 462 2948 agit
496 2888 539 2931 vi
577 2884 897 2930 acceleratrice
932 2854 1254 2956 (ΙΞ-Ξὲ--Ξῖοᾏ
1283 2886 1405 2924 tanta
1445 2881 1484 2924 vi
1521 2893 1686 2940 corpus
1716 2880 1907 2924 vicissim
1942 2892 2127 2924 curvam
2162 2879 2208 2923 in
2245 2879 2288 2923 P
2312 2876 2559 2923 secundum
2589 2875 2799 2922 directio-

20 3027 21 3031 ,
90 2994 213 3026 nem
225 2979 472 3026 normalem
503 2975 595 3033 -PQ
630 2980 824 3036 premet,
862 2971 1064 3033 haecque
1093 2972 1272 3033 pressio
1307 2970 1507 3031 aequalis
1539 2971 1626 3015 erit
1660 2971 1702 3014 vi
1740 2969 1923 3014 motrici
1950 2969 1994 3013 in
2029 2983 2220 3029 corpore
2258 2969 2299 3013 P
2333 2982 2385 3013 ex
2412 2969 2454 3013 vi
2482 2966 2797 3012 acceleratrice

89 3074 120 3137 'q
161 3081 275 3122 orta.
344 3073 492 3128 Quare
544 3072 578 3116 si
622 3084 766 3115 massa
807 3068 1010 3128 corporis
1046 3067 1089 3111 P
1121 3072 1313 3127 ponatur
1354 3084 1416 3104 =
1438 3063 1498 3120 A,
1542 3066 1625 3109 erit
1664 3065 1853 3124 pressio,
1902 3077 2035 3124 quam
2070 3058 2334 3123 superficies
2369 3077 2393 3107 a
2427 3076 2613 3122 corpore
2649 3062 2692 3105 in
2727 3059 2798 3105 di-

941 3132 1012 3167 2210

90 3167 288 3212 rectione
327 3161 419 3220 PQ
442 3162 647 3216 sustinet,
684 3155 1042 3231 -Λᾳ-ε-Γ,
1093 3157 1170 3203 ubi
1210 3154 1255 3201 A
1292 3155 1426 3201 simul
1462 3154 1650 3201 denotat
1684 3152 1883 3215 pondus,
1933 3151 2055 3214 quod
2097 3167 2260 3214 corpus
2295 3153 2338 3198 P
2373 3159 2490 3198 esset
2523 3150 2795 3204 habiturum,

94 3255 133 3302 si
161 3260 280 3301 esset
314 3267 466 3316 grave.

221 3374 300 3420 21».
335 3379 558 3422 col-011.
583 3380 645 3422 4.
673 3369 882 3424 Quamvis
916 3381 1028 3427 ergo
1057 3372 1228 3427 'corpus
1265 3365 1306 3410 P
1343 3371 1533 3426 ponatur
1567 3364 1802 3423 gravitatis
1837 3377 2014 3424 expers,
2052 3369 2202 3407 tamen
2239 3360 2344 3407 dum
2372 3362 2416 3406 in
2451 3354 2688 3420 superficie
2716 3354 2799 3402 AB

0 3450 4 3458 '
87 3467 282 3522 incedit,
316 3468 591 3528 pressionem
626 3466 765 3509 exerit
800 3462 1041 3509 normalem
1079 3458 1186 3517 PQ,
1222 3475 1334 3521 quae
1370 3461 1454 3503 erit
1489 3458 1545 3503 ad
1581 3456 1757 3518 pondus
1790 3458 1995 3517 corporis
2033 3458 2090 3511 P,
2135 3454 2258 3517 quod
2293 3461 2409 3500 esset
2449 3453 2725 3506 habiturum,
2760 3451 2794 3494 si

39 3594 43 3597 -
93 3565 321 3625 gravitate
345 3561 587 3624 gauderet,
626 3561 690 3604 uti
728 3573 774 3604 se
809 3557 945 3602 habet
978 3554 1174 3601 altitudo
1207 3555 1427 3599 celeritati
1465 3551 1614 3598 debita
1653 3566 1676 3597 c
1711 3550 1766 3596 ad
1803 3552 2032 3596 semissem
2067 3549 2177 3596 radii
2216 3549 2356 3595 osculi
2394 3561 2556 3594 curvae
2592 3547 2636 3590 in
2674 3545 2728 3589 P.

8 3713 11 3727 ‹
95 3669 178 3688 *²*
218 3659 302 3703 25.·
348 3661 663 3703 Prome-na
689 3661 741 3702 2.
795 3651 916 3714 (Fig.
950 3650 1079 3712 132.)
1131 3649 1338 3695 lnvenire
1390 3654 1561 3693 motum
1602 3648 1803 3707 corporis
1855 3647 1896 3691 P
1930 3659 2066 3706 super
2100 3639 2337 3705 superficie
2372 3639 2583 3687 immobili
2619 3636 2722 3693 AB,
2759 3639 2794 3683 si

0 3740 10 3828 l.
67 3752 257 3815 'corpus
294 3753 336 3798 P
373 3754 539 3796 interea
578 3766 600 3794 a
640 3749 813 3818 viribusx
843 3748 1190 3809 quibuscunque
1229 3743 1506 3789 sollicitetur.

230 3858 477 3906 80111ίί0.
550 3855 716 3900 llabeat
757 3867 922 3913 corpus
959 3852 999 3895 P
1033 3863 1134 3894 cum
1179 3850 1222 3892 in
1263 3847 1302 3891 l’
1340 3848 1530 3900 venerit,
1583 3846 1856 3891 celeritatem
1899 3844 2094 3889 debitam
2137 3838 2359 3886 altitudini
2397 3853 2436 3891 vv,
2491 3850 2577 3897 qua
2620 3850 2727 3896 ergo
2763 3839 2796 3880 si

7 3932 9 3956 ³
93 3948 174 3995 sibi
207 3958 325 3996 esset
361 3950 588 4004 relictum,
633 3945 881 3994 secundum
926 3949 1185 4004 tangentem
1223 3942 1297 3986 Ρη
1337 3939 1702 4001 progrederetur,
1755 3945 1888 3997 atque
1926 3933 2207 3995 tempusculo
2240 3932 2287 3976 dc
2321 3925 2569 3975 conficeret
2602 3930 2795 3990 spatium

2486 4022 2512 4048 ᾖ
