2950 4276
261 199 367 253 358
1065 180 1451 244 LqEULERl
1491 187 1713 256 OPERA
1751 184 2138 242 PosrflUMA.
2693 169 2940 271 Δῃὼ,

355 382 361 387 ,
392 339 421 405 S
459 343 531 387 12.
584 337 736 399 Neque
772 349 882 381 vero
917 347 968 379 ex
1002 331 1246 394 eclipsibus
1277 332 1511 379 lunaribus
1541 338 1635 378 tam
1664 332 1793 393 plane
1826 331 1925 378 loca
1958 332 2091 378 lunae
2124 330 2322 379 derivare
2359 331 2488 390 licet,
2524 340 2578 379 ut
2609 328 2941 414 nullacircuss

264 436 491 497 spectione
524 434 581 477 sit
614 445 742 491 opus.
811 428 1083 474 Momentum
1113 427 1230 471 enim
1264 440 1391 472 verae
1427 426 1738 487 oppositionis,
1784 440 1874 487 quo
1909 432 2118 471 centrum
2151 425 2285 481 lunae
2326 425 2578 472 secundum
2617 426 2943 491 longitudin-⁴

261 540 418 574 revera
451 530 609 571 centro
643 522 748 568 solis
781 521 1052 582 opponitur,
1088 534 1140 564 ex
1172 518 1496 586 observationis
1529 520 1880 565 circumstantiis
1912 520 2088 565 nonnisi
2121 520 2230 565 satis
2263 518 2455 566 molesto
2497 519 2672 566 calculo
2706 518 2938 574 derivatur.

261 619 497 666 Observari
531 598 682 662 autem
716 616 762 660 in
795 617 971 675 quaque
1004 612 1159 675 eclipsi
1194 612 1339 659 solent
1372 614 1638 674 principium
1674 627 1728 659 ac
1760 608 1886 670 finis,
1929 615 2046 658 inter
2078 627 2202 675 quaev
2233 619 2459 659 momenta
2502 612 2699 659 medium
2731 616 2941 676 capiemb

262 726 353 759 non
389 711 678 772 oppositionis
711 722 862 763 verae,
911 705 1005 752 sed'
1033 709 1243 754 maximae
1283 707 1612 754 obscurationis
1650 714 1827 768 tempus
1868 707 2043 769 prodit,
2095 705 2219 768 quod
2259 706 2376 752 idem
2410 713 2608 768 tempuS,
2657 709 2695 753 si
2727 708 2801 756 ,vel
2832 711 2942 761 inin}

263 806 333 852 vel
367 800 470 850 finis
502 802 759 849 observatio
793 797 997 858 deficiat,
1031 816 1083 849 ex
1116 801 1232 847 binis
1262 801 1522 862 aequalibus
1556 801 1766 862 phasibus
1799 807 1903 846 ante
1937 815 1990 846 ac
2023 807 2127 862 post
2151 801 2382 845 maximam
2409 785 2769 847 obscurationem
2793 802 2939 853 obs-'s

262 900 374 944 vatis
407 896 602 943 medium
637 878 859 943 sumendo
893 897 1131 957 reperitur.
1191 894 1360 950 Quodsi
1394 909 1505 956 ergo
1539 894 1824 955 horologium
1857 896 2190 941 accuratissime
2224 891 2364 939 fuerit
2396 894 2467 940 vel
2493 892 2548 940 ad
2578 901 2754 955 tempus
2780 881 2937 958 verim}

262 992 332 1037 vel
367 990 421 1037 ad
458 988 650 1036 medium
685 986 1044 1045 accomodatum,
1080 989 1265 1051 ejusque
1299 984 1521 1035 beneficio
1554 995 1647 1034 tam
1685 989 1862 1034 initium
1901 1003 2033 1050 quam
2075 984 2180 1034 finis
2220 988 2462 1049 eclipseos,
2509 988 2580 1034 vel
2620 987 2751 1034 binae
2789 989 2941 1050 pini·

263 1085 470 1147 aequales
502 1091 739 1140 notentur,
776 1082 878 1128 inde
914 1097 1070 1128 verum
1104 1083 1280 1143 eclipsis
1313 1089 1489 1143 tempus
1524 1082 1719 1128 medium
1751 1097 1830 1128 seu
1865 1084 2076 1128 maximae
2103 1082 2430 1128 obscurationis
2456 1088 2731 1128 momentum
2755 1082 2942 1145 cogn*

264 1187 406 1227 cetur.
474 1176 521 1223 Si
556 1179 694 1238 igitur
728 1192 807 1238 pro
843 1176 929 1222 hoe
963 1177 1059 1237 ipso
1094 1182 1321 1222 momento
1354 1174 1482 1222 locus
1514 1175 1622 1221 solis
1656 1182 1965 1237 computetur,
2002 1175 2100 1238 ejus
2136 1182 2353 1236 punctum
2378 1177 2629 1237 oppositum
2656 1187 2748 1223 non
2770 1161 2938 1240 ΨΜ*

264 1275 390 1322 dabit
422 1274 553 1321 lunae
588 1270 934 1332 longitudinem,
978 1269 1056 1315 sed
1099 1276 1249 1315 tamen
1285 1270 1414 1316 locus
1456 1270 1584 1315 lunae
1620 1256 1701 1331 pro
1736 1269 1895 1315 eodem
1928 1278 2131 1345 tempore
2173 1284 2263 1316 non
2296 1265 2544 1315 difficulter
2576 1265 2752 1320 definiri
2787 1257 2940 1338 ρδιᾲ

394 1366 423 1433 §
462 1371 534 1415 13.
585 1364 814 1413 Facillime
856 1363 1036 1426 quidem
1077 1378 1271 1425 veroque
1310 1366 1418 1410 satis
1457 1378 1595 1425 prope
1636 1363 1766 1410 locus
1807 1364 1940 1410 lunae
1981 1370 2208 1410 momento
2256 1362 2427 1409 mediae
2480 1361 2701 1425 eclipseos
2747 1349 2941 1428 sequ*

264 1464 397 1512 modo
424 1458 653 1508 definitur.
703 1459 1021 1519 Repraesentet
1054 1457 1173 1520 (Fig
1201 1456 1331 1520 203.)
1367 1464 1493 1504 recta
1524 1458 1608 1505 ΩΟ
1636 1457 1912 1519 eclipticam,
1941 1458 2032 1504 §21³
2058 1458 2248 1504 orbitam
2282 1458 2423 1503 centri
2456 1458 2609 1514 lunae,
2633 1455 2705 1503 ita
2737 1465 2809 1505 ut
2818 1451 2939 1511 Diti-fl

263 1557 411 1606 nodus
446 1557 576 1602 lunae
609 1552 869 1600 ascendens.
938 1552 1057 1598 Tum
1092 1558 1381 1613 computetur
1413 1566 1494 1614 pro
1531 1559 1757 1599 momento
1791 1550 1963 1597 mediae
1996 1550 2213 1613 eclipseos
2245 1551 2375 1598 locus
2409 1551 2537 1608 solis,
2572 1551 2702 1613 cujus
2734 1549 2939 1616 pumil

265 1653 515 1714 oppositum
558 1649 615 1693 sit
653 1647 704 1702 C,
756 1646 975 1707 simulque
1015 1646 1256 1706 colligatur
1296 1661 1347 1691 ex
1389 1645 1553 1692 tabulis
1605 1646 1836 1692 lunaribus
1874 1646 2002 1693 locus
2044 1645 2150 1693 nodi
2196 1645 2236 1691 Ω
2285 1660 2367 1706 pro
2410 1643 2568 1691 eodem
2609 1623 2940 1706 momento,iffit

266 1746 486 1793 habeatur
519 1741 728 1788 distantia
763 1741 917 1802 puncti
946 1739 982 1785 C
1004 1755 1028 1786 a
1064 1739 1199 1787 nodo.
1270 1740 1359 1786 Etsi
1394 1742 1511 1785 enim
1545 1739 1722 1786 tabulae
1757 1755 1839 1801 pro
1874 1727 1992 1787 nodo
2027 1755 2207 1802 quoque
2242 1741 2520 1786 correctione
2555 1735 2674 1786 forte
2708 1739 2939 1829 indigefltss

263 1842 414 1886 tamen
445 1843 546 1881 tuto
580 1849 801 1881 assumere
836 1834 960 1890 licet,
997 1848 1071 1880 eas
1106 1849 1196 1880 non
1230 1841 1467 1896 tantopere
1508 1849 1533 1879 a
1576 1836 1765 1879 veritate
1805 1834 2067 1890 abhorrere,
2111 1841 2164 1879 ut
2201 1847 2326 1879 error
2366 1831 2471 1878 inde
2512 1847 2593 1894 pro
2627 1841 2784 1882 nostro
2814 1832 2940 1906 W

267 1930 486 1980 oriundus
518 1929 652 1976 ullam
687 1929 983 1974 attentionem
1020 1935 1256 1975 mereatur.
1325 1927 1371 1973 Si
1407 1930 1527 1974 enim
1561 1943 1688 1975 error
1721 1929 1767 1973 in
1802 1928 1905 1974 loco
1940 1926 2046 1974 nodi
2082 1929 2344 1974 commissus
2376 1926 2447 1972 vel
2489 1925 2547 1972 ad
2588 1927 2812 1988 integrum
2798 1911 2942 2081 ’,Ε

267 2025 373 2073 dum
409 2027 688 2083 assurgeret,
724 2035 829 2067 cum
862 2028 1011 2067 tamen
1048 2024 1116 2067 vix
1153 2022 1210 2068 ad
1244 2024 1274 2067 2
1310 2024 1480 2068 minuta
1514 2036 1747 2083 assurgere
1780 2027 1936 2083 queat,
1975 2023 2019 2066 in
2055 2021 2321 2083 loco-lunae
2358 2036 2447 2067 non
2482 2021 2601 2067 ultra
2646 2014 2739 2068 15⁸
2772 2030 2825 2068 a'
2870 2007 2889 2070 ,Ἰ

265 2124 403 2166 retur.
471 2114 642 2163 Deinde
677 2128 781 2161 cum
815 2099 965 2161 motus
997 2115 1104 2161 solis
1137 2117 1197 2161 sit
1228 2114 1528 2171 tardissimus,
1571 2129 1850 2161 assumamus
1891 2121 2094 2176 tempore
2132 2115 2272 2160 totius
2313 2115 2489 2176 eclipsis
2530 2120 2740 2162 centrum
2773 2117 2864 2163 um
2902 2133 2919 2157 w

267 2213 312 2257 in
345 2209 501 2256 eodem
552 2214 718 2270 puncto
756 2208 791 2255 C
823 2208 1036 2266 haesisse,
1086 2223 1198 2271 quae
1239 2208 1421 2272 quidem
1463 2211 1680 2255 assumtio
1720 2210 1853 2255 nimis
1894 2217 1962 2255 est
2002 2209 2161 2265 libera,
2213 2207 2295 2255 sed
2335 2208 2546 2271 deinceps
2586 2223 2789 2257 errorem
2828 2233 2831 2238 ¹

266 2311 417 2352 ortum
450 2303 784 2363 investigemus.

397 2394 425 2460 ἕ
465 2400 537 2442 lli.
569 2395 728 2445 initi-o
765 2411 896 2457 porro
929 2396 1106 2458 eclipsis
1138 2411 1358 2460 ponamus
1393 2404 1598 2444 centrum
1633 2397 1760 2443 lunae
1800 2393 1941 2443 fuisse
1983 2399 2027 2442 in
2066 2396 2124 2454 L,
2176 2393 2267 2443 fine
2311 2411 2416 2443 vero
2458 2396 2635 2459 eclipsis
2674 2399 2720 2445 in
2755 2400 2793 2458 l,

268 2497 437 2553 puncta
470 2492 514 2535 in
550 2495 670 2534 recta
709 2488 800 2533 531²
836 2490 978 2549 posita
1014 2490 1076 2535 ita
1111 2496 1246 2535 erunt
1279 2497 1559 2551 comparata,
1596 2486 1646 2536 ut
1680 2498 1868 2552 utraque
1904 2489 2114 2537 distantia
2153 2490 2226 2538 CL
2260 2491 2327 2537 vel
2364 2491 2418 2537 Cl
2451 2492 2646 2553 aequalis
2679 2494 2736 2539 sit
2761 2508 2844 2540 sn·

268 2582 491 2630 radiorum
529 2581 708 2627 umbrae
744 2588 789 2626 et
831 2577 976 2628 lunae.
1044 2582 1189 2637 Quare
1231 2591 1436 2629 centrum
1478 2585 1609 2630 lunae
1647 2584 1703 2630 ab
1746 2586 1873 2631 initio
1913 2567 2090 2647 eclipsis
2129 2586 2186 2631 ad
2227 2581 2362 2632 [inem
2406 2601 2544 2648 usque
2585 2590 2779 2650 spatium
2812 2595 2859 2640 ³2
2913 2598 2930 2629 ἰ

269 2692 348 2724 sua
383 2676 530 2723 orbita
564 2661 846 2736 descripsisse
882 2677 967 2721 erit
1000 2676 1297 2731 censendum;
1331 2677 1457 2738 quod
1489 2692 1592 2723 cum
1627 2676 1795 2724 sactum
1831 2680 1890 2724 sit
1924 2686 2050 2725 motu
2085 2677 2318 2731 uniformi,
2351 2686 2550 2741 tempore
2586 2679 2757 2727 mediae
2792 2683 2851 2721 μ’

271 2778 475 2817 centrum
509 2769 638 2814 lunae
673 2770 718 2814 in
752 2776 921 2830 puncto
955 2770 999 2815 P
1033 2771 1230 2816 extitisse
1266 2785 1447 2816 necesse
1482 2778 1574 2826 est,
1610 2773 1670 2818 ita
1704 2779 1755 2817 ut
1788 2774 1847 2818 sit
1875 2771 2037 2819 PL=
2057 2773 2133 2819 Pl.
2186 2773 2246 2819 Ex
2272 2789 2360 2835 quo
2389 2771 2669 2820 manifestum
2695 2780 2764 2822 est

276 2865 353 2910 CP
384 2855 650 2909 in‘orbitam
687 2862 819 2908 lunae
852 2859 948 2909 fore
991 2855 1415 2924 perpendicularem.
1485 2863 1531 2910 Si
1574 2867 1714 2927 igitur
1753 2867 1882 2912 simili
1925 2865 2061 2914 modo
2103 2875 2322 2929 punctum
2359 2868 2396 2915 C
2434 2867 2490 2914 ad
2530 2859 2719 2915 orbitam
2757 2868 2792 2914 l
2817 2873 2917 2938 ''ff-“¹

271 2955 530 3013 reducatur,
567 2972 656 3018 quo
694 2958 830 3018 vulgo
865 2958 991 3004 locus
1024 2959 1156 3004 lunae
1191 2958 1247 3005 ad
1282 2961 1532 3022 eclipticam
1569 2960 1724 3007 reduci
1758 2963 1896 3019 solet,
1933 2961 2051 3024 quod
2086 2958 2167 3008 fiet
2191 2965 2227 3009 si
2263 2963 2500 3025 longitudo
2534 2962 2640 3009 nodi
2681 2963 2722 3009 Ω
2757 2978 2781 3010 a

271 3049 427 3096 tudine
462 3052 615 3111 puncti
655 3052 691 3098 C
719 3051 1031 3109 subtrahatur,
1071 3060 1207 3114 atque
1242 3053 1466 3100 residuum
1501 3061 1731 3116 tamquam
1773 3062 2089 3116 argumentum
2124 3056 2372 3103 latitudinis
2411 3058 2456 3102 in
2497 3056 2647 3103 tabula
2687 3038 2926 3127 redde..

274 3142 403 3189 lunae
439 3151 696 3204 quaeratur,
732 3151 778 3190 et
813 3124 1016 3206 aequatio
1051 3147 1326 3207 respondens
1360 3155 1500 3209 prout
1531 3149 1692 3195 titulus
1727 3149 1905 3195 tabulae
1940 3165 2043 3212 prae
2085 3166 2133 3197 se
2173 3147 2291 3207 fert,
2337 3149 2394 3196 ad
2435 3150 2584 3197 locum
2627 3153 2780 3213 puncti
2811 3154 2814 3158 ’
2845 3171 2863 3216 3.¹
2912 3167 2933 3188 1'

274 3235 488 3292 addatur,
525 3236 597 3282 vel
630 3236 734 3283 inde
770 3238 1081 3295 subtrahatur,
1118 3239 1316 3302 prodibit
1350 3242 1667 3304 locus-puncti
1705 3244 1748 3288 Ρ
1781 3245 1826 3289 in
1860 3243 2003 3290 orbita
2038 3244 2190 3298 lunae,
2231 3244 2306 3290 ubi
2348 3221 2554 3291 centrum
2595 3245 2726 3292 lunae
2757 3251 2833 3291 tm

275 3329 446 3375 mediae
481 3330 700 3391 eclipseos
733 3332 1010 3378 versabatur.
1080 3332 1194 3379 Hinc
1228 3344 1340 3396 ergo
1374 3338 1602 3382 invenitur
1634 3351 1716 3398 pro
1750 3338 1835 3384 isto
1869 3339 2088 3400 temporis
2130 3344 2359 3385 momento
2394 3337 2523 3385 locus
2554 3338 2684 3385 lunae
2716 3341 2764 3384 in
2792 3343 2811 3377 ἰ
2855 3385 2865 3397 ,
2927 3333 2950 3373 .¹

275 3424 350 3484 qui
385 3437 488 3469 cum
523 3423 623 3470 loco
651 3424 780 3470 lunae
807 3440 856 3470 ex
882 3426 1045 3472 tabulis
1071 3435 1349 3489 computato,
1384 3430 1592 3492 neglecta
1627 3431 1804 3477 scilicet
1838 3432 2100 3479 reductione
2137 3430 2195 3478 ad
2229 3432 2502 3494 eclipticam,
2538 3433 2776 3479 convenire
2843 3415 2950 3439 ¹

276 3517 312 3561 si
347 3515 528 3577 quidem
562 3516 741 3563 tabulae
775 3525 923 3564 essent
957 3517 1198 3580 perfectae.

407 3606 435 3674 §
475 3613 546 3656 15.
598 3609 682 3657 Hic
717 3618 867 3657 autem
900 3625 988 3658 non
1024 3612 1170 3659 solum
1204 3621 1351 3662 motus
1383 3618 1526 3662 centri
1561 3616 1744 3663 umbrae
1779 3617 1816 3664 C
1840 3619 2057 3665 rationem
2082 3620 2490 3681 praetermisimus,
2525 3617 2606 3666 sed
2636 3619 2770 3665 etiam
2828 3687 2830 3689 ‚

273 3703 459 3748 ricitatis
492 3704 658 3750 nullam
692 3705 926 3751 habuimus
961 3708 1194 3753 rationem.
1244 3708 1384 3763 Quem
1422 3717 1662 3773 utrumque
1696 3709 1922 3758 defectum
1950 3719 2005 3758 ut
2029 3713 2338 3774 suppleamus,
2372 3718 2674 3774 repraesentet
2697 3693 2876 3775 (Fiffl
2902 3698 2903 3703 ¹

271 3796 320 3840 in
354 3791 589 3857 superficie
624 3792 852 3859 sphaerica
885 3798 1083 3858 circulus
1121 3800 1205 3847 §sc
1233 3802 1504 3864 eclipticam,
1540 3811 1590 3850 et
1624 3785 1738 3851 alter
1772 3807 1968 3852 circulus
2006 3807 2099 3852 §21²
2131 3806 2322 3854 orbitam
2364 3806 2514 3861 lunae;
2539 3808 2701 3872 'fsitque
2733 3805 2782 3851 in

279 3887 320 3932 Ω
357 3889 501 3935 nodus
534 3889 800 3949 ascendens,
837 3892 969 3955 cujus
1002 3892 1170 3951 locum,
1205 3896 1289 3941 etsi
1322 3903 1393 3942 est
1426 3898 1674 3953 variabilis,
1717 3905 1867 3945 tamen
1901 3899 1960 3946 ob
1994 3906 2143 3949 motus
2181 3900 2437 3947 tarditatem
2481 3915 2715 3954 summam,
2739 3895 2875 3960 qffl
