2950 4276
183 125 293 177 196·
984 122 1041 172 L.
1082 117 1370 172 EULERI
1407 117 1635 170 OPERA
1671 116 2056 170 POSTHUMA.
2580 138 2731 179 Astron.
2750 142 2861 180 mech.

180 272 264 318 hus
297 287 344 317 se
379 279 536 317 mutuo
578 266 802 321 afficiunt,
843 282 948 327 prae
982 265 1177 319 viribuS,
1219 264 1385 324 quibus
1412 262 1482 308 ad.
1503 263 1644 309 solem
1671 262 1896 319 tendunt,
1932 265 2027 309 sint
2059 266 2168 309 satis
2202 266 2402 325 exiguae.
2469 265 2595 330 Luna
2630 273 2780 312 autem
2813 280 2866 312 ac

179 365 394 410 satellites
428 364 552 408 Jovis
587 369 632 405 et
669 361 848 406 Saturni
883 365 973 403 tam
998 358 1143 402 ‘vicini
1179 363 1282 417 sunt
1305 359 1412 402 ‘suis
1442 356 1783 418 principalibus,
1823 363 1882 402 nt
1916 358 2055 411 vires,
2097 356 2258 418 'quibus
2289 357 2349 404 ad
2383 372 2460 404 eos
2493 366 2733 420 urgentur,
2768 358 2869 420 plu-

180 459 342 500 rimum
382 454 596 500 excedant
636 454 770 512 ipsam
811 452 902 495 vim
936 451 1059 496 solis.
1088 472 1091 475 >
1129 450 1390 511 Quarssesspro
1426 449 1987 496 motu-omniumssrhorum
2019 464 2261 511 corporum
2295 453 2496 512 proxime
2529 451 2874 512 determinando

178 544 349 593 sufficit
384 549 556 592 unicam
594 547 680 589 vim
717 544 1044 599 considerasse,
1080 543 1187 589 dum
1221 545 1416 606 reliquae
1453 560 1559 606 prae
1594 559 1646 590 ea
1680 546 1767 590 sint
1802 543 1931 590 valde
1963 558 2143 604 parvae,
2180 541 2595 606 quarumreffectus
2626 552 2803 591 tantum
2828 547 2885 592 in?

178 641 347 700 exiguis
380 637 790 699 perturbationibus
824 637 1127 698 producendis
1161 645 1508 695 consumuntur,
1544 653 1655 699 quas
1690 653 1775 700 ope
1812 637 2011 701 methodi
2046 637 2378 714 approximandi
2414 634 2601 685 delinire
2628 638 2747 684 licet.
2796 638 2873 684 Sin

176 738 324 777 autem
380 731 444 776 vel
489 731 688 807 planetae
737 733 930 803 primarii
974 726 1055 780 sihi
1106 739 1254 777 essent
1300 710 1444 793 multo
1488 734 1743 805 propiores,
1798 731 1869 806 vel
1911 732 2131 786 satellites
2172 747 2196 778 a
2239 733 2332 777 suis
2375 732 2695 807 principalibus
2733 734 2875 806 magis

176 807 415 880 distarent,
452 824 575 869 nullo
610 821 704 868 sete
741 823 874 871 modo
907 824 964 871 ad
1000 802 1149 871 motus
1183 840 1333 871 eorum
1371 827 1677 887 cognitionem
1712 804 1967 887 pertingere
2003 840 2248 888 possemus.

270 949 381 1005 (30.
424 952 702 1003 Scholion
729 957 782 998 3.
829 946 986 1007 Primo
1000 963 1119 1016 ergo
1155 947 1246 994 duo
1281 955 1454 994 tantum
1491 963 1684 1022 corpora
1718 963 1766 1003 se
1800 955 1960 994 mutuo
1987 948 2254 995 attrahentia
2276 948 2591 1028 comtemplari
2618 948 2882 1010 conveniet,

177 1011 257 1087 ubi
292 1020 487 1117 quidem
529 1057 682 1100 eorum
727 1019 922 1096 indoles,
973 1047 1145 1103 prout
1131 1032 1319 1112 fuerint
1358 1039 1592 1104 sphaerica
1637 1040 1706 1086 vel
1750 1054 1842 1087 non
1881 1040 2134 1118 sphaerica,
2187 1043 2581 1113 investigationem
2622 1018 2874 1110 bipartitam

172 1134 346 1180 reddet.
416 1135 602 1183 Nomine
650 1142 799 1205 autem
852 1149 1092 1209 corporum
1143 1108 1481 1210 sphaericorum
1537 1134 1821 1210 complector
1866 1136 2013 1180 omnia
2063 1149 2136 1202 ea,
2160 1136 2235 1180 in
2276 1135 2439 1196 quibus
2479 1141 2606 1181 terna
2648 1140 2874 1198 momenta

172 1206 428 1291 principalia
465 1236 571 1276 sunt
604 1229 826 1290 aequalia,
871 1229 1052 1291 reliqua
1073 1230 1219 1302 omnia
1255 1243 1346 1274 non
1380 1227 1615 1290 sphaerica
1649 1227 1891 1290 appellans.
1951 1211 2270 1290 Sphaeroidica
2304 1236 2454 1305 autem
2488 1243 2675 1290 corpora
2711 1229 2756 1275 in
2791 1240 2881 1306 ge?
2929 1247 2933 1254 ·

173 1338 278 1368 nere
315 1322 420 1369 mihi
455 1330 586 1392 erunt
620 1338 693 1378 ea,
729 1324 773 1367 in
808 1323 969 1384 quibus
1003 1321 1106 1390 duo
1132 1300 1458 1394 momentorum
1494 1322 1753 1384 principalia
1790 1328 1895 1381 sunt
1930 1319 2152 1394 aequalia,
2186 1337 2301 1384 quae
2337 1337 2448 1383 ergo
2484 1323 2617 1381 unico
2645 1337 2721 1367 axe
2748 1323 2874 1392 prin-¹
2921 1331 2923 1335 ’

172 1417 303 1490 cipali
337 1423 442 1464 sunt
474 1416 690 1478 praedita,
733 1416 838 1462 dum
868 1416 964 1461 hini
1001 1390 1176 1481 reliqui
1199 1392 1367 1462 fuerint
1393 1412 1646 1473 indefiniti,
1691 1423 1826 1478 atque
1860 1414 1919 1462 ad
1953 1415 2042 1462 hoc
2077 1431 2220 1479 genus
2256 1417 2403 1462 omnia
2437 1430 2627 1477 corpora
2662 1399 2903 1481 coelestia-¹

170 1508 399 1556 reserenda
450 1509 676 1582 videntur.
745 1510 965 1573 Expedito
1013 1517 1164 1583 autem
1212 1486 1417 1558 binorum
1467 1525 1706 1571 corporum
1754 1518 1900 1569 motu,
1953 1509 2012 1557 ad
2058 1517 2183 1556 terna
2226 1508 2591 1573 progrediamur,
2641 1501 2878 1576 quousque,

171 1605 340 1650 scilicet
374 1605 567 1657 licuerit.
637 1603 683 1650 Si
719 1607 836 1652 enim
855 1578 1097 1693 ‘problema
1123 1607 1204 1663 in
1199 1620 1378 1667 genere
1412 1605 1638 1652 resolvere
1674 1619 1992 1667 nequeamu,s
2012 1605 2213 1658 contenti
2255 1619 2353 1650 esse
2389 1605 2634 1667 poterimus
2667 1604 2874 1665 approxi-
2919 1601 2929 1615 ‘⁴

173 1698 437 1744 mationibus
477 1697 580 1744 inde
620 1700 790 1770 petitis,
847 1698 993 1770 quod
1008 1714 1125 1761 prae
1155 1714 1242 1745 una
1280 1701 1321 1745 vi
1356 1699 1555 1761 reliquae
1590 1701 1683 1745 sint
1718 1698 1844 1746 valde
1878 1700 2085 1775 exiguae,
2140 1700 2241 1760 qui
2254 1713 2384 1745 casus
2420 1700 2465 1744 in
2502 1696 2672 1744 mundo
2706 1697 2872 1760 ubique

172 1792 322 1839 locum
369 1792 551 1847 habere
585 1791 778 1839 videtui
848 1793 1050 1856 Denique
1087 1793 1196 1856 quid
1235 1793 1429 1854 aetheris
1474 1794 1727 1839 resistentia
1765 1793 1910 1839 valeat
1943 1795 2032 1848 erit
2068 1791 2404 1855 inquirendum,
2457 1807 2511 1838 ac
2546 1790 2730 1838 tandem
2767 1806 2870 1854 per·
2913 1822 2917 1828 -

170 1886 370 1932 turbatio
426 1887 470 1931 in
523 1893 651 1934 motu
708 1888 941 1950 vertiginis
997 1903 1022 1935 a
1075 1890 1313 1940 momentis
1373 1890 1533 1936 virium
1585 1887 1923 1936 sollicitantium
1974 1886 2166 1934 oriunda
2220 1886 2531 1934 Astronomiae
2584 1885 2879 1963 mechanicae

171 1975 308 2026 finem
343 1971 553 2043 imponet.

1393 2124 1633 2131 ————--

1320 2222 1724 2318 ,(Ἰιιιιιιίῐῐ.
1787 2237 1789 2239 ’

372 2390 474 2442 'De
502 2401 668 2443 motu
707 2384 958 2445 duorum
1002 2404 1341 2462 corporum
1363 2394 1830 2463 sphaericorum
1865 2409 1926 2445 se
1968 2401 2172 2443 mutuo
2211 2391 2666 2444 attrahentium.

450 2627 691 2704 spectatori
726 2641 769 2684 in
806 2639 991 2685 alterius
1026 2646 1183 2685 centro
1218 2642 1362 2701 posito
1399 2647 1465 2686 est
1500 2643 1803 2712 appariturus,
1847 2637 1904 2685 ad
1941 2611 2145 2700 planum,
2190 2639 2236 2684 in
2271 2653 2362 2700 quo
2399 2628 2491 2703 ipse
2530 2645 2679 2701 motus
2716 2638 2910 2710 absol·
2946 2659 2950 2672 ι

454 2732 598 2787 vitur,
635 2730 839 2778 relatum.

305 2851 551 2908 solutio.
605 2811 736 2915 (Fig.
750 2848 872 2893 176.
863 2867 874 2906 y
910 2845 1011 2914 Sint
1047 2846 1092 2912 A
1117 2855 1166 2897 et
1191 2849 1229 2894 Β
1264 2846 1353 2894 duo
1390 2863 1602 2910 corpora,
1622 2862 1755 2909 ‚quae
1791 2847 1968 2918 litterae
2003 2816 2134 2893 simul
2170 2861 2325 2893 eorum
2362 2861 2526 2892 massas
2554 2839 2793 2918 denotent,
2829 2853 2874 2893 et
2930 2887 2931 2890 ,

174 2937 436 3018 observator
481 2941 758 2986 constitutus
803 2942 862 2985 sit
909 2941 954 2989 in
1003 2947 1161 2987 centro
1210 2942 1414 3004 corporis
1456 2938 1519 2993 A,
1570 2931 1692 3017 quod
1728 2947 1969 3004 propterea
2014 2947 2064 2986 ut
2104 2941 2340 3002 quiescens
2374 2915 2701 2986 consideretur.
2756 2916 2875 2986 Jam
2928 2977 2929 2999 2

174 3031 276 3115 quia
326 3019 506 3087 virium,
558 3032 720 3094 quibus
759 3021 804 3079 se
846 3040 1000 3080 mutuo
1041 3033 1292 3098 attrahunt,
1347 3014 1537 3081 directio
1579 3050 1661 3129 per
1699 3036 1932 3096 utriusque
1971 3039 2182 3103 centrum
2231 3033 2413 3088 transit,
2464 3004 2873 3095 quomodocunque!
2926 3071 2927 3074 ,

176 3139 341 3188 corpus
382 3125 420 3170 Β
456 3128 622 3186 moveri
666 3129 883 3191 coeperit,
935 3127 1124 3176 directio
1169 3130 1233 3174 vis
1273 3115 1554 3196 sollicitantis
1595 3119 1769 3192 semper
1812 3129 1962 3198 estin
2004 3125 2138 3191 plano
2182 3141 2262 3189 per
2303 3133 2454 3172 motus
2488 3111 2785 3205 directionem
2824 3104 2874 3189 et¹

174 3227 378 3265 centrum
419 3207 620 3281 corporis
642 3218 700 3268 Α
731 3228 1013 3279 transeunte,
1068 3195 1258 3285 ideoque
1302 3238 1467 3286 corpus
1509 3210 1549 3268 Β
1590 3225 1636 3269 in
1681 3223 1857 3292 eodem
1881 3223 2014 3292 plano
2049 3219 2260 3284 progredi
2293 3226 2471 3284 perget.
2538 3198 2689 3276 Quare
2719 3195 2873 3280 tabula
2922 3238 2924 3257 ι

174 3320 501 3375 repraesentet
528 3313 618 3360 hoc
658 3314 862 3394 planum,
913 3318 959 3362 in
1008 3331 1114 3398 quo
1152 3323 1358 3388 centrum
1391 3307 1608 3383 corporis
1631 3318 1671 3371 B
1705 3306 1877 3365 moveri
1918 3316 2119 3384 videtur,
2171 3322 2219 3377 et
2259 3328 2369 3361 cum
2403 3309 2532 3360 initio
2573 3329 2625 3360 ex
2657 3309 2704 3360 Ε
2733 3290 2873 3412 fueri}

173 3421 425 3468 egressum,
475 3408 624 3470 elapso
665 3415 866 3471 tempore
906 3418 923 3455 t
961 3395 1218 3489 pervenerit
1246 3413 1292 3459 in
1326 3411 1388 3469 B,
1438 3413 1499 3457 ita
1534 3419 1588 3458 ut
1624 3413 1744 3462 circa
1778 3410 1823 3458 A
1857 3409 2105 3483 confecerit
2137 3409 2355 3471 angulum
2390 3405 2676 3482 ΕΑΒΞφ,
2715 3384 2874 3502 sitqu}

175 3500 385 3548 distantia
436 3499 669 3559 AB=‹›,
719 3502 839 3551 unde
887 3511 1039 3586 patet
1053 3507 1090 3550 si
1131 3504 1187 3551 ad
1230 3505 1424 3591 quodvis
1463 3511 1642 3577 tempus
1682 3514 1701 3551 t
1739 3513 1833 3552 tam
1873 3505 2091 3568 angulum
2133 3500 2340 3550 EAB=
2358 3518 2398 3564 φ
2440 3516 2574 3587 quam
2617 3475 2871 3548 distantiam

1025 3679 1090 3713 ΑΒ

305 2542 382 2588 61
406 2531 785 2610 Problema.
815 2544 866 2592 Si
899 2544 990 2593 duo
1012 2560 1214 2611 corpora
1250 2507 1480 2608 sphaerica
1517 2561 1564 2592 se
1602 2552 1760 2592 mutuo
1788 2521 2038 2600 attrahant,
2075 2539 2264 2615 definire
2291 2514 2466 2618 motum
2493 2543 2697 2602 alterius,
2727 2543 2907 2622 ‘lua-55⁸..
2909 2604 2912 2605 ⁷
2948 2579 2950 2583 -

175 3594 382 3642 AB-zo
422 3597 649 3658 assignare
690 3581 990 3666 potuerimus,
1042 3605 1214 3667 motum
1256 3599 1458 3677 corporis
1494 3592 1534 3646 Β
1549 3596 1776 3680 perfecte
1821 3596 1919 3647 fore
1955 3599 2204 3661 cognitum.
2271 3594 2384 3643 Cum
2418 3596 2559 3678 lgmff
2593 3593 2634 3641 B
2668 3555 2873 3687 ²r³h³t¹¹÷
2911 3603 2926 3687 3

2796 2037 2875 2059 -ιιί
2948 2024 2950 2059 ἒ

2787 2222 2794 2242 .'
2868 2223 2874 2245 l
2949 2245 2950 2259 3

2904 2698 2950 2800 l}

2936 2801 2950 2851 li

178 3698 236 3746 ad
278 3698 346 3746 A
361 3702 406 3746 in
447 3700 693 3749 directione
735 3699 822 3771 BA
861 3704 905 3752 vi
947 3723 1127 3754 =—-‚
1181 3704 1363 3766 parique
1405 3705 1450 3751 vi
1492 3719 1669 3770 corpus
1697 3701 1741 3795 A
1775 3702 1833 3751 ad
1868 3705 1909 3750 Β
1940 3705 1987 3749 ἰιι
2020 3696 2269 3749 directione
2301 3697 2388 3747 AB
2418 3682 2723 3778 sollicitetur,
2758 3698 2871 3746 haec
2910 3691 2950 3800 3ῆ

1323 3795 1389 3828 ΒΒ

178 3815 395 3874 posterior
427 3816 501 3861 vis
529 3817 572 3861 in
608 3828 774 3879 corpus
807 3817 847 3863 B
880 3818 1117 3870 translata
1129 3814 1307 3872 fiet—
1244 3853 1305 3860 —-
1328 3843 1420 3893 —o’
1443 3818 1604 3882 idque
1646 3820 1707 3868 in
1735 3819 1983 3867 directione
2017 3815 2104 3864 AB
2135 3811 2320 3864 afficere
2359 3812 2630 3863 censendum
2671 3820 2762 3872 est,
2805 3782 2915 3894 ἰιφ
2913 3789 2950 3867 u't'
