2950 4276
1278 215 1284 259 ζ
1339 209 1551 264 Statua.
1609 256 1641 261 ,,
2735 206 2802 259 37

99 381 102 385 ·
136 393 140 399 -
222 360 335 406 19.8
386 363 626 404 corolla
640 360 721 403 8.
745 354 843 419 Fig.
883 356 993 403 109.
1047 353 1105 402 Si
1116 353 1352 418 punctum
1384 357 1439 414 M
1460 361 1660 418 ponatur
1687 353 1932 413 variabile,
1960 360 2018 402 et
2053 353 2088 402 0
2121 354 2365 403 continuo
2381 350 2650 402 mutabitur
2665 357 2718 397 ιιι
2749 357 2798 397 et

93 460 315 518 punctum
348 453 421 498 H.
470 451 780 499 Inveniemur
786 451 949 533 igitur
973 450 1064 497 hoc
1099 447 1258 495 modo
1271 449 1442 495 omnia
1452 448 1561 496 loca
1586 451 1741 511 puncti
1773 450 1838 504 H,
1874 464 1954 496 seu
1988 454 2128 496 curva
2161 447 2271 504 ΕΗ,
2308 461 2446 509 quam
2474 443 2535 491 id
2554 445 2801 506 percurrit

91 557 340 605 Habebitur
379 562 529 602 autem
567 555 772 617 aequatio
803 568 885 616 pro
920 565 1057 599 curva
1091 548 1186 598 ΕΗ
1213 553 1351 598 inter
1365 550 1678 609 coordinatas,
1733 553 1907 599 scilicet
1938 550 2136 600 abscissa
2169 546 2244 599 CJ
2268 553 2356 598 erit
2389 527 2596 625 :ss—²2¹3
2639 555 2686 595 et
2718 563 2800 610 ap·-

28 706 29 710 ι
93 671 257 734 μὴ...
291 657 542 746 aJ--s
490 648 607 680 2²⁰³

91 772 350 823 inuenietur
384 762 592 864 aequatio
625 766 708 838 pro
730 759 882 857 curva
917 759 1017 817 ΕΗ.

585 692 597 705 -
658 666 785 716 Data
819 669 988 729 igitur
1007 663 1142 713 curva
1176 663 1277 712 AM
1313 671 1360 712 et
1402 665 1506 728 lege
1544 663 1867 728 potentiarum,
1919 667 1960 712 ei
2002 667 2048 712 in
2082 667 2272 728 singulis
2313 666 2425 714 locis
2457 664 2794 728 applicatarum,

116 864 150 894 *A*
228 895 334 942 199.
384 899 606 942 col-011
638 891 692 943 Δ.
744 854 805 938 Ex
847 888 1075 937 solutione
1116 888 1422 952 problematis
1447 895 1493 935 et
1531 867 1628 951 eJ'us
1672 885 1915 935 collatione
1956 903 2059 934 cum
2099 885 2127 953 3
2165 889 2227 936 58
2262 894 2404 950 patet,
2457 888 2619 935 eodem
2653 877 2802 935 modo⁸

89 1003 184 1036 rem
218 1004 265 1036 se
299 989 486 1045 habere,
541 1001 594 1034 ac
635 988 672 1033 si
711 991 927 1049 punctum
963 984 1000 1031 C
1029 983 1089 1031 ad
1122 983 1297 1047 singula
1332 981 1498 1030 curvae
1531 978 1646 1030 ΑΜ
1658 981 1825 1044 puncta'
1856 981 2118 1028 traheretur
2150 980 2306 1028 eadem
2339 983 2402 1039 vi,
2456 982 2540 1044 qua
2584 998 2636 1028 ea
2671 981 2730 1028 ad
2767 983 2804 1029 C

89 1072 206 1129 trabi
242 1082 488 1145 ponuntur.
556 1070 629 1128 Et
639 1081 894 1183 propterea
928 1078 1126 1141 exempla
1161 1079 1207 1124 in
1239 1075 1436 1165 medium
1470 1073 1643 1162 afferre
1666 1089 1759 1123 ιιοῐι
1794 1090 1977 1123 necesse
2011 1067 2110 1123 esse
2146 1074 2270 1132 duxi,
2314 1090 2419 1122 cum
2460 1074 2520 1121 ibi
2549 1076 2644 1138 jam
2678 1090 2797 1122 non-

92 1176 217 1223 nulla
249 1179 339 1223 sint
371 1178 553 1222 annexa.

221 1294 332 1343 200.
383 1291 683 1338 Scholion.
732 1291 868 1340 Hisce
901 1291 957 1340 de
991 1291 1257 1355 aequilibrio
1289 1292 1595 1355 potentiarum
1629 1292 1781 1354 virgae
1814 1287 1986 1353 rigidae
2013 1288 2176 1336 liberae
2203 1289 2530 1355 applicatarum
2562 1282 2797 1334 Sufficien-

90 1387 211 1436 tibus
237 1388 475 1452 judicatis,
511 1387 570 1434 ad
602 1388 794 1433 alterum
832 1385 1061 1448 virgarum
1095 1384 1344 1448 rigidarum
1378 1387 1533 1432 casum
1568 1391 1784 1447 propero,
1821 1399 1911 1446 quo
1947 1398 2024 1429 eae
2060 1380 2394 1445 quodammodo
2438 1380 2675 1442 impeditae
2712 1395 2797 1442 po—

91 1483 282 1540 n'u'u'tur,
329 1489 408 1530 ιιι
426 1485 515 1529 nou
551 1482 690 1528 libere
726 1483 867 1528 cuivis
895 1483 1132 1543 potentiae
1168 1468 1328 1527 cedere
1362 1486 1548 1543 queant,
1587 1470 1633 1525 et
1666 1477 1895 1525 interdum
1930 1480 1977 1525 in
2002 1480 2151 1540 quiete
2178 1491 2457 1540 perseverare
2484 1476 2679 1538 possint,
2711 1475 2795 1521 etsi

89 1578 287 1638 potentia
322 1573 541 1637 quaedam
578 1575 661 1620 alia
697 1588 797 1619 non
813 1572 1096 1646 destruatur.

174 1696 331 1741 201
383 1698 627 1740 Βίνίεἰοι
684 1690 809 1741 Hanc
857 1694 1103 1739 sectionem
1150 1678 1238 1739 hoc
1283 1690 1419 1738 modo
1461 1684 1657 1753 partior,
1712 1696 1767 1736 ut
1807 1691 1951 1752 primo
1991 1683 2062 1735 de'
2091 1690 2241 1750 virga,
2297 1690 2342 1734 in
2379 1687 2580 1751 quodam
2622 1696 2793 1751 puncto

88 1781 270 1853 prorsus
304 1786 500 1845 firmata,
537 1803 692 1849 agam3
727 1787 851 1845 dein,
890 1786 946 1833 de
983 1789 1107 1848 virga
1139 1786 1305 1833 alicubi
1342 1773 1403 1832 ita
1437 1785 1596 1832 saltem
1623 1781 1820 1841 firmata,
1856 1791 1909 1830 ut
1935 1791 2111 1830 tantum
2139 1786 2258 1830 circa
2286 1783 2398 1840 illud
2424 1790 2642 1845 punctum
2669 1791 2794 1829 motu

89 1872 317 1932 circulari‘
338 1871 520 1931 moveri
552 1890 702 1945 queat.
772 1882 954 1939 Tertio,
1007 1881 1062 1928 de
1104 1883 1251 1943 virga,
1306 1880 1436 1943 cujus
1477 1878 1660 1942 aliquod
1704 1886 1924 1940 punctum
1968 1885 2189 1940 perpetuo
2226 1879 2270 1923 in
2305 1877 2410 1924 data
2435 1875 2559 1924 vlinea
2595 1879 2789 1939 positum

87 1984 185 2026 esse
226 1973 375 2024 debet.
435 1977 645 2034 Quarto,
699 1975 755 2022 de
808 1977 956 2036 virga,
1009 1975 1150 2021 lineae
1192 1976 1334 2021 cuivis
1377 1970 1533 2020 firmae
1576 1971 1833 2035 adjacente,
1885 1978 1936 2017 ut
1977 1987 2074 2017 eam
2116 1986 2290 2033 semper
2329 1978 2508 2032 tangat,
2565 1982 2790 2031 nunquam

86 2060 337 2133 transigere
371 2058 520 2134 queat.
589 2072 782 2127 Quinto,
837 2069 892 2116 de
927 2071 1074 2130 virga,
1127 2068 1259 2131 cujus
1292 2068 1384 2115 duo
1420 2075 1586 2130 puncta
1622 2068 1838 2113 continuo
1873 2068 1917 2111 in
1953 2065 2069 2111 datis
2103 2068 2249 2112 curvis
2284 2073 2532 2127 ponuntur,
2571 2072 2618 2111 et
2649 2071 2791 2120 sexto,

17 2183 19 2196 ³
86 2147 335 2226 de·'¹vi‘rga,
389 2180 502 2227 quae
543 2172 761 2226 punctum
804 2154 1048 2226 quoddam*
1076 2165 1121 2208 in
1165 2163 1268 2208 data
1313 2178 1454 2209 curva
1497 2160 1661 2207 mobile
1701 2159 1857 2216 habet,
1910 2166 1959 2205 et
1993 2175 2106 2220 quae
2143 2166 2370 2220 praeterea
2405 2174 2538 2221 super
2571 2157 2655 2205 alia
2691 2157 2793 2203 data

15 2272 49 2343 ἆ·
86 2260 202 2326 linea
236 2261 381 2323 jacet,
425 2260 559 2322 juxta
596 2264 806 2321 quartum
850 2273 1018 2304 casum.
1090 2256 1188 2303 Hoc
1231 2257 1367 2303 modo
1400 2259 1586 2318 ,penitus
1628 2258 1760 2301 istam
1804 2248 2033 2300 materiam
2076 2249 2327 2300 exhausisse
2367 2250 2573 2310 autumo,
2625 2260 2677 2298 ut
2721 2254 2791 2298 vix

88 2371 216 2403 casus
249 2356 493 2415 excogitari
529 2356 691 2415 possit,
735 2355 810 2415 qui
846 2354 892 2398 in
926 2353 1198 2398 enumeratis
1232 2367 1322 2398 non
1356 2353 1650 2434 contineatur.
1703 2349 1799 2394 Iloc
1835 2350 1975 2409 igitur
2007 2355 2304 2409 pertractato,
2335 2355 2433 2393 tam
2469 2350 2512 2393 in
2550 2344 2791 2409 hypothesi

14 2473 16 2488 ²
87 2465 264 2513 Virgae
272 2456 439 2507 rectae,
475 2464 607 2510 quam
643 2463 804 2495 CUi'Vae
839 2447 1057 2510 CUjUSVlS.

126 2566 132 2584 ³
216 2569 344 2615 202.
383 2573 719 2614 Theon-ema
745 2565 1125 2627 19·Fig.110.
1176 2562 1222 2610 Si
1264 2565 1418 2624 vir-gae
1453 2559 1538 2609 AB
1572 2563 1615 2607 in
1650 2559 1696 2608 A
1730 2577 1913 2624 prorsus
1954 2558 2110 2608 firmae
2152 2562 2403 2624 applicetur
2437 2563 2481 2607 in
2516 2562 2563 2607 Β
2588 2562 2791 2622 potentia

12 2671 15 2704 ἑ
89 2674 383 2727 quaecunque
418 2656 511 2718 BC,
548 2663 717 2723 poterit
749 2675 802 2707 ea
835 2660 1060 2723 duplicem
1093 2659 1261 2707 habere
1294 2654 1527 2714 effectum,
1563 2671 1723 2714 unum,
1759 2671 1851 2718 quo
1887 2658 2057 2718 virgam
2093 2653 2176 2702 BA
2197 2656 2419 2711 evellere,
2456 2656 2673 2711 alterum,-
2697 2669 2787 2717 quo

90 2757 489 2819 eam-abrumpere
524 2762 729 2803 conatur.
2677 2750 2679 2753 ⁴

135 2885 166 2890 ··
216 2866 679 2910 Demonstratio.
746 2857 816 2907 Sit
846 2860 1019 2922 'virgae
1059 2856 1145 2907 AB
1185 2858 1411 2921 applicata
1452 2857 1655 2919 potentia
1697 2856 1741 2901 in
1783 2854 2009 2904 directum
2043 2853 2203 2917 jacens
2243 2855 2349 2912 ΒΕ,
2399 2853 2638 2907 conabitur
2677 2854 2787 2900 haec

89 2954 387 3018 virgamAB.
428 2954 621 3003 directe.
646 2953 857 3001 evellere.
926 2951 1019 2999 Sed
1061 2954 1098 2999 si
1139 2953 1339 3014 potentia
1360 2949 1603 3012 applicata
1643 2947 1721 2995 BF
1750 2945 1888 2995 fuerit
1924 2950 1969 2993 in
2001 2945 2087 2994 AB
2121 2946 2528 3009 perpendicularis,
2563 2947 2661 3009 ejus
2693 2954 2788 2994 tota

89 3053 206 3115 actio
237 3053 297 3103 :in
333 3048 638 3112 abrumpenda
679 3050 827 3114 virga.
848 3054 1157 3099 consumetur.
1225 3045 1371 3101 Quare
1410 3060 1518 3092 cum
1554 3044 1751 3104 potentia
1786 3056 2104 3103 quaecunque,
2159 3056 2272 3104 quae
2307 3056 2452 3103 neque
2487 3043 2531 3086 in
2568 3040 2788 3087 directum

81 3146 190 3213 ΒΕ,
235 3161 378 3207 neque
413 3143 846 3207 perpendiculariter
879 3140 1127 3188 secundum
1161 3140 1242 3186 BF
1268 3139 1425 3196 trahit,
1481 3139 1525 3184 iu
1559 3136 1815 3200 hujusmodi
1854 3135 1966 3190 duas
1999 3135 2161 3182 resolvi
2198 3137 2359 3197 possit,
2397 3141 2448 3181 ut
2481 3136 2678 3196 potentia
2715 3134 2794 3180 BC

90 3242 137 3308 ἰιι
171 3241 257 3305 ΒΕ
295 3238 473 3307 et3BF,
503 3236 695 3308 ..duplici
732 3234 869 3305 modo
904 3236 950 3281 iu
983 3236 1320 3307 virgamclaget,
1371 3249 1484 3290 uno,
1524 3247 1616 3294 quo
1638 3216 1750 3277 *eam
1785 3230 1996 3300 evellere,
2041 3236 2230 3292 propter
2266 3230 2370 3284 BE,
2412 3220 2458 3275 et
2491 3229 2656 3304 altero,
2697 3242 2787 3290 quo

88 3349 184 3381 eam
216 3334 523 3403 abrumpere,
541 3329 862 3403 proptethF,
891 3336 1099 3402 conatur.
1169 3327 1220 3400 Q.
1246 3328 1297 3398 E.
1325 3326 1357 3374 Ι.
1593 3393 1597 3397 λ

162 3489 168 3494 ,
218 3441 331 3498 203.
383 3409 682 3495 coronal·-
738 3433 869 3496 Quod
909 3432 967 3493 ad
989 3431 1492 3496 'quanti-tatemborum
1527 3437 1771 3494 conatuum
1805 3430 1991 3491 attinet,
2028 3434 2152 3491 patet
2185 3435 2398 3492 conatum
2434 3425 2651 3473 evellendi
2693 3426 2785 3488 vvir-

89 3548 191 3597 gam
226 3550 322 3581 esse
355 3541 408 3581 ιιι
442 3535 689 3596 potentiam
725 3531 826 3588 ΒΕ,
870 3545 1014 3592 neque
1049 3527 1125 3574 hic
1159 3527 1311 3575 locum
1345 3526 1657 3589 applicationis
1695 3525 1733 3569 B
1767 3526 1811 3570 in
1847 3530 2106 3586 computum
2142 3524 2310 3568 venire.

218 3640 331 3687 20¹».
378 3644 603 3685 coron.
628 3645 679 3687 2.
727 3634 795 3683 Ne
830 3649 941 3696 ergo
977 3635 1104 3696 virga
1138 3631 1295 3689 cedat,
1330 3637 1511 3694 oportet
1546 3637 1596 3677 ut
1627 3631 1891 3686 retineatur,
1926 3643 2004 3675 seu
2031 3634 2276 3674 retrorsum
2306 3625 2515 3672 trahatur
2545 3624 2584 3670 vi
2610 3622 2783 3686 aequali

54 3772 58 3776 .
89 3734 159 3783 vel
194 3735 374 3798 majori,
410 3748 544 3796 quam
578 3740 648 3779 est
681 3732 745 3778 vis
778 3731 876 3778 ΒΕ.

217 3844 329 3890 205.
381 3848 604 3890 coron.
630 3850 683 3891 8.
732 3840 968 3897 Quantitas
1003 3843 1193 3884 conatus
1228 3831 1520 3898 abrumpendi
1555 3834 1728 3895 virgam
1756 3830 1842 3879 AB
1870 3838 1940 3878 est
1974 3828 2258 3893 aequivalens
2293 3833 2522 3874 momento
2556 3826 2781 3888 potentiae

90 3935 182 3994 BF,
219 3952 298 3984 seu
334 3933 455 3983 facto
491 3950 543 3981 ex
580 3933 660 3981 BF
686 3934 732 3980 in
767 3931 871 3980 AB.
