2950 4276
8 66 16 253 i
50 207 53 213 ·
1048 169 1352 224 Astronomia
1390 170 1677 223 mechanica.
1837 198 1842 201 ·
2344 206 2349 210 s
2616 170 2710 221 181

154 312 716 364 22.co1·on.a.1ta
749 314 787 360 si
821 327 968 361 massa
1003 316 1206 377 corporis
1238 314 1455 362 coelestis
1488 317 1548 362 sit
1582 312 1726 373 =A,
1759 316 1959 377 corporis
1988 322 2146 362 autem
2179 315 2366 361 attracti
2404 327 2544 361 massa
2580 334 2641 354 =
2662 314 2724 370 M,

2270 396 2348 431 AM

14 411 243 482 11115113φιο
283 417 340 464 ab
375 418 493 465 illius
534 424 693 464 centro
728 417 939 465 distantia
978 434 1112 476 -τω,
1166 421 1252 466 erit
1285 421 1372 476 vis,
1415 434 1506 482 qua
1540 419 1630 466 hoc
1664 418 1722 465 ad
1756 419 1868 466 illud
1901 419 2144 466 attrahitur
2176 426 2231 466 ut
2266 443 2357 494 ᾗ·
2428 418 2541 475 Quia
2573 424 2724 464 autem

0 482 71 590 lin
102 529 249 569 motus
282 521 652 568 determinatione
692 523 761 567 vis
803 521 915 568 haec
954 536 1130 584 semper
1162 537 1241 584 per
1276 539 1466 570 massam
1501 525 1702 585 corporis
1736 525 1918 570 attracti
1957 526 2005 571 M
2035 523 2173 571 dividi
2208 524 2363 582 debet,
2415 525 2460 570 in
2495 522 2719 570 calculum

772 604 803 636 A

98 633 190 673 tum
224 625 482 687 ingreditur
514 622 709 676 formula
753 655 844 701 H,
881 640 1023 672 massa
1059 628 1111 673 M
1137 625 1242 673 inde
1276 627 1439 673 iterum
1474 626 1756 688 egrediente

53 730 61 751 Ξ
146 759 225 805 23.
280 766 554 808 scholion
574 770 628 811 1.
693 757 779 805 ista
820 757 1081 820 hypothesis
1121 773 1213 806 non
1251 773 1391 820 aeque
1425 765 1551 805 certo
1587 774 1638 804 ex
1672 757 1991 821 phaenomenis
2023 759 2252 822 colligitur
2285 776 2338 808 ac
2374 759 2712 823 praecedenteS‚

0 852 100 900 etsi
133 853 252 897 enim
286 849 392 896 inde
425 865 576 897 veram
609 852 771 898 virium
805 853 1103 914 quantitatem
1137 850 1416 899 concludere
1442 853 1572 906 licet,
1609 860 1757 899 tamen
1784 852 1910 899 nulla
1937 860 2117 900 constat
2142 856 2257 901 ratio
2284 869 2448 900 massas
2475 868 2715 916 corporum

25 932 49 954 ‘⁶
97 943 274 991 lestium
310 942 622 1005 dignoscendi.
692 945 860 992 Eorum
899 944 1082 1008 quidem
1123 945 1477 1008 magnitudinem
1514 945 1776 993 Astronomi
1812 947 2006 993 sollicite
2041 943 2231 993 definire
2265 955 2505 1004 conantur,
2558 962 2713 993 verum

9 1037 122 1094 ihc
169 1037 227 1084 de
276 1052 444 1095 massa,
494 1039 706 1100 quoniam
758 1044 843 1101 pr'o
890 1038 1122 1110 yolumine
1163 1038 1458 1086 vehementer
1496 1039 1753 1102 discrepare
1793 1047 1965 1103 potest,
2015 1040 2128 1087 nihil
2162 1047 2360 1087 statuere
2401 1041 2521 1087 licet.
2591 1039 2711 1085 Haec

51 1198 57 1202 ’
85 1145 182 1178 ssae
214 1138 376 1193 autem
397 1132 571 1180 ratione
604 1134 790 1181 omnino
823 1148 977 1180 carere
1010 1148 1267 1196 possemus,
1310 1135 1348 1180 si
1381 1149 1466 1196 pro
1499 1136 1661 1196 quovis
1695 1149 1882 1197 corpore
1916 1134 2099 1182 coelesti
2135 1150 2232 1181 eam
2267 1133 2524 1181 distantiam
2559 1131 2716 1180 deter-

60 1226 298 1303 ‘naremuffl
349 1227 395 1273 in
435 1241 526 1288 qua
565 1227 632 1273 vis
666 1226 767 1290 ejus
801 1229 1034 1274 attractrix
1067 1228 1263 1291 aequalis
1296 1235 1415 1275 esset
1447 1226 1596 1276 futura
1631 1230 1676 1275 vi
1709 1230 1947 1303 gravitatis
1981 1229 2025 1275 in
2064 1224 2301 1291 superficie
2337 1235 2499 1275 terrae.
2568 1226 2635 1273 Ita
2675 1227 2713 1272 si

8 1318 92 1420 ipro
136 1322 346 1384 quopiam
394 1336 585 1383 corpore
637 1319 824 1369 coelesti
865 1321 980 1369 haec
1025 1321 1239 1370 distantia
1277 1320 1418 1370 fuerit
1457 1318 1583 1380 εἷ’,
1637 1338 1719 1387 pro
1759 1323 1844 1370 alia
1886 1338 2155 1386 quacunque
2195 1322 2407 1369 distantia
2441 1337 2477 1368 ω
2511 1321 2610 1384 ejus
2645 1321 2712 1367 vis

125 1426 240 1472 ctrix
291 1427 377 1472 erit
426 1402 561 1501 τέ
604 1427 777 1473 unitate
828 1429 1097 1490 gravitatem
1149 1429 1445 1489 exprimente.
1512 1426 1678 1490 Sicque
1731 1422 1904 1474 sufficit
1943 1441 2025 1491 pro
2064 1426 2264 1491 quolibet
2302 1438 2493 1490 corpore
2529 1425 2712 1472 coelesti

5 1523 266 1597 ,distantiam
302 1528 422 1576 hanc
462 1525 500 1587 f*
531 1531 612 1593 ipsi
655 1533 998 1578 convenientem
1037 1547 1192 1590 nosse,
1244 1548 1491 1595 parumque
1536 1534 1726 1579 interest
1765 1530 1994 1595 quomodo
2031 1531 2144 1579 haec
2184 1530 2395 1579 distantia
2427 1530 2486 1578 ad
2519 1545 2709 1577 massam

16 1611 21 1626 ³
75 1623 93 1629 ”
118 1623 208 1669 oris
254 1622 520 1669 attrahentis
567 1638 616 1670 se
649 1625 710 1670 sit
748 1602 970 1671 habitura.
1039 1623 1334 1672 Newtonus
1375 1631 1528 1672 autem
1569 1626 1729 1672 statuit
1769 1623 2038 1688 quadratum
2082 1626 2212 1671 istius
2255 1624 2495 1671 distantiae
2529 1637 2706 1686 semper

6 1694 17 1726 i*
51 1768 54 1769 ,
135 1731 304 1763 massae
340 1718 542 1797 corporis
576 1717 845 1765 attrahentis
878 1720 1235 1782 proportionale,
1280 1721 1339 1767 ita
1374 1727 1426 1767 ut
1459 1719 1559 1767 loco
1594 1714 1640 1777 ff
1661 1735 1805 1800 massa
1841 1718 1886 1767 A
1917 1720 2128 1767 substitui
2163 1726 2318 1782 queat,
2352 1746 2419 1754 --
2452 1734 2564 1781 quae
2597 1733 2705 1781 pro-

86 1810 100 1824 '
121 1808 186 1868 io,
238 1811 274 1857 si
309 1810 366 1858 de
407 1811 508 1875 ejus
546 1815 734 1860 veritate
769 1815 963 1861 convicti
998 1829 1218 1871 essemus,
1269 1829 1363 1862 non
1396 1813 1541 1861 solum
1577 1829 1661 1877 pro
1697 1814 1996 1877 pulcherrima
2022 1821 2139 1861 esset
2174 1812 2402 1870 habenda,
2455 1811 2536 1859 sed
2570 1814 2704 1858 etiam

0 1894 240 1974 fflrimum
291 1906 407 1953 lucis
446 1905 506 1953 ad
545 1914 731 1955 naturae
772 1910 982 1969 mysteria
1022 1908 1261 1956 scrutanda
1302 1915 1422 1955 esset
1463 1909 1666 1956 allatura.
1736 1909 2045 1957 Phaenomena
2079 1916 2230 1956 autem
2266 1908 2375 1955 huic
2410 1907 2703 1970 propositioni

0 1981 103 2063 μ
113 2000 343 2062 insignem
377 2000 702 2063 probabilitatis
736 2002 927 2065 gradum
964 2003 1229 2061 conciliant,
1266 2005 1478 2066 quoniam
1514 2019 1604 2066 quo
1639 2019 1828 2066 corpora
1865 2004 2082 2052 coelestia
2114 2001 2285 2050 fuerint
2318 2001 2484 2065 majora
2521 2001 2592 2048 vel
2620 2002 2705 2047 mi-

0 2061 300 2164 fflsetiam
335 2093 606 2156 quadratum
640 2094 876 2142 distantiae
908 2092 946 2153 f
966 2096 1053 2143 illis
1087 2096 1578 2160 respondentismajus
1612 2099 1814 2144 minusve
1849 2096 2225 2160 deprehenditur:
2259 2098 2432 2143 ratione
2466 2101 2614 2141 autem
2650 2107 2702 2140 ea

0 2172 246 2342 msitio
277 2188 424 2234 multo
460 2188 604 2249 magis
637 2184 893 2235 confirmari
928 2163 1097 2252 potest.
1156 2190 1351 2236 Primum
1389 2191 1505 2236 enim
1541 2205 1644 2237 cum
1677 2192 1922 2252 gravitatio
1957 2192 2003 2236 in
2036 2189 2302 2252 corporibus
2336 2188 2606 2235 coelestibus
2639 2189 2700 2233 sit

96 2279 247 2338 ''oca,
297 2296 351 2327 ex
389 2283 606 2344 principio
645 2283 930 2346 aequalitatis
969 2285 1088 2331 inter
1127 2285 1351 2344 actionem
1393 2291 1439 2330 et
1483 2287 1757 2331 reactionem
1800 2283 1892 2331 duo
1927 2300 2116 2347 corpora
2152 2298 2199 2330 se
2235 2290 2392 2330 mutuo
2426 2282 2695 2329 attrahentia

0 2359 173 2438 mus
222 2375 392 2422 viribus
432 2377 478 2422 in
521 2391 568 2422 se
610 2378 803 2423 invicem
841 2379 926 2424 niti
968 2377 1148 2425 debent.
1218 2378 1334 2425 Hinc
1375 2380 1411 2424 si
1446 2394 1600 2426 eorum
1635 2394 1806 2426 massae
1840 2380 1931 2426 sint
1970 2376 2016 2425 A
2048 2385 2095 2425 et
2131 2379 2191 2435 B,
2247 2385 2296 2424 et
2330 2376 2587 2430 distantiae,
2639 2374 2695 2423 ad

0 2462 104 2532 μ
132 2482 284 2516 eorum
318 2470 437 2516 vires
469 2472 756 2518 attractrices
788 2473 1000 2534 gravitati
1035 2479 1307 2535 aequantur,
1360 2475 1451 2519 sint
1484 2488 1514 2519 a
1548 2480 1594 2519 et
1629 2473 1678 2530 b,
1732 2472 1942 2519 distantia
1983 2474 2101 2519 inter
2133 2478 2287 2518 centra
2322 2485 2566 2533 corporum
2600 2472 2694 2516 exi-

2287 2554 2370 2585 aaB

0 2546 138 2623 mle
169 2588 303 2631 πω,
357 2576 442 2621 erit
478 2590 560 2638 per
591 2574 939 2638 praecedentem
974 2576 1247 2639 hypothesin
1281 2579 1370 2633 vis,
1413 2593 1501 2639 qua
1543 2592 1709 2640 corpus
1747 2579 1786 2623 B
1819 2576 1877 2623 ad
1910 2574 1956 2624 A
1988 2583 2178 2640 urgetur
2210 2596 2390 2651 εἶ’-ὦ,
2427 2577 2494 2622 vis
2528 2582 2692 2632 autem,

0 2648 93 2781 ἐξ
113 2702 275 2752 corpus
306 2688 352 2737 A
386 2681 579 2736 vicissim
606 2690 663 2737 ad
688 2691 730 2736 B
757 2697 948 2753 urgetur
973 2668 1154 2767 :bg—27
1191 2708 1307 2755 quae
1340 2692 1457 2739 duae
1484 2695 1600 2739 vires
1626 2694 1662 2739 si
1691 2699 1960 2740 censeantur
1986 2691 2218 2754 aequales,
2253 2686 2308 2737 fit
2333 2706 2409 2737 aa:
2419 2688 2624 2737 bb=Az
2634 2689 2688 2746 B,

86 2807 173 2885 ”ιι3
213 2801 267 2840 ut
304 2795 400 2844 vult
431 2793 738 2842 Newtonus.
805 2795 972 2851 Quodsi
1006 2795 1119 2843 haec
1153 2799 1400 2859 propositio
1442 2796 1729 2855 admittatur,
1781 2796 1885 2844 inde
1919 2798 2053 2843 etiam
2087 2796 2201 2842 haec
2244 2796 2398 2841 eximia
2441 2796 2686 2856 proprietas

82 2889 299 2962 quitur,
350 2889 475 2951 quod
525 2890 721 2952 plurium
772 2899 1015 2952 corporum
1063 2906 1111 2937 se
1152 2899 1312 2938 mutuo
1353 2892 1439 2938 hac
1477 2892 1578 2954 lege
1622 2891 1945 2939 attrahentium
1986 2905 2223 2938 commune
2258 2896 2464 2935 centrum
2501 2889 2686 2934 inertiae

0 2987 204 3061 pfflmtuo
243 2983 314 3029 vel
355 2984 579 3045 quiescat,
631 2983 703 3030 vel
743 2981 1030 3031 uniformiter
1068 2986 1114 3031 in
1149 2984 1370 3032 directum
1405 2984 1684 3048 proferatur;
1717 3011 1785 3020 -
1818 3000 1933 3047 quae
1974 3000 2077 3031 cum
2112 2991 2325 3046 tanquam
2359 2989 2569 3029 constans
2602 2996 2685 3028 na-

0 3076 118 3154 Ἦε
152 3073 221 3121 lex
252 3076 517 3124 assumenda
552 3077 776 3135 videatur,
812 3077 917 3124 inde
951 3079 1149 3126 vicissim
1183 3081 1564 3156 veritas-nostrae
1598 3079 1899 3142 hypotheseos
1934 3080 2172 3125 evincitur.

25 3211 197 3257 what.
244 3219 526 3263 Scholion
551 3227 603 3268 2.
669 3214 888 3271 Quoniam
929 3217 1070 3278 igitur
1110 3216 1179 3262 vis
1210 3218 1444 3263 attractrix
1478 3231 1647 3264 massae
1681 3218 1880 3279 corporis
1912 3216 2184 3264 attrahentis
2218 3222 2287 3262 est
2320 3213 2677 3277 proportionalis,

2 3301 138 3350 ma
176 3303 278 3351 inde
317 3308 420 3353 oriri
463 3314 535 3354 est
566 3307 834 3371 judicanda,
887 3316 939 3357 ut
973 3309 1152 3372 singula
1186 3313 1391 3373 corporis
1424 3311 1645 3358 elementa
1686 3313 1869 3358 seorsim
1910 3312 2027 3358 vires
2060 3311 2340 3377 attractrices
2374 3314 2573 3365 exerant,
2626 3322 2678 3353 ex

0 3395 172 3453 *um
212 3395 483 3445 collectione
521 3398 701 3447 demum
740 3402 808 3447 vis
846 3407 943 3448 tota
983 3401 1211 3449 attrahens
1252 3410 1479 3450 nascatur.
1547 3402 1641 3450 Lex
1681 3417 1790 3466 ergo
1826 3403 2095 3465 praescripta
2131 3408 2304 3448 tantum
2337 3399 2396 3447 ad
2429 3403 2547 3447 vires
2581 3400 2676 3446 ele-

0 3490 225 3546 -tares,
258 3490 421 3553 quibus
452 3494 629 3555 singula
662 3496 866 3557 corporis
899 3494 1122 3543 elementa
1154 3495 1212 3542 ad
1245 3511 1293 3543 se
1326 3496 1637 3554 attrahuntur,
1680 3497 1860 3559 proprie
1894 3496 2111 3558 pertineri
2145 3501 2213 3542 est
2247 3493 2492 3551 censenda,
2527 3507 2672 3554 neque

0 3577 146 3627 *ὁ
172 3581 230 3629 ad
261 3598 447 3646 corpora
483 3581 610 3633 finita
644 3586 823 3633 extendi
859 3588 1049 3649 patitur,
1082 3589 1167 3635 nisi
1201 3588 1313 3636 haec
1347 3604 1539 3651 corpora
1574 3596 1809 3651 tantopere
1841 3603 1866 3635 a
1901 3603 1948 3634 se
1982 3589 2172 3634 invicem
2205 3585 2375 3632 fuerint
2400 3591 2584 3636 remota,
2619 3591 2671 3630 ut

0 3680 138 3738 00111111
174 3677 435 3738 magnitudo
475 3694 579 3741 prae
622 3680 831 3727 distantia
872 3682 994 3743 quasi
1037 3689 1291 3735 evanescat.
1358 3683 1552 3729 Eatenus
1593 3696 1706 3744 ergo
1740 3688 1916 3728 tantum
1951 3680 2062 3727 haec
2096 3680 2165 3727 lex
2197 3677 2449 3725 attrahendi
2485 3679 2528 3723 in
2561 3691 2667 3723 cor-

0 3762 165 3822 mus
196 3770 427 3819 mundanis
461 3772 836 3836 deprehenditur,
876 3783 1099 3838 quatenus
1130 3791 1182 3824 ea
1217 3783 1308 3824 tam
1345 3779 1479 3824 vastis
1513 3776 1758 3823 intervallis
1788 3791 1812 3822 a
1849 3791 1897 3822 se
1930 3776 2118 3820 invicem
2154 3779 2259 3819 sunt
2291 3771 2515 3834 sejuncta,
2552 3785 2664 3833 quae

0 3854 139 3915 11,ώί
186 3863 330 3914 multo
373 3874 530 3916 essent
580 3869 814 3930 propiora,
867 3869 1037 3918 nullum
1080 3877 1151 3919 est
1189 3870 1374 3919 dubium
1419 3872 1526 3932 quin
1568 3872 1685 3917 vires
1723 3884 1878 3917 eorum
1913 3867 2196 3914 attractrices
2230 3863 2285 3909 ab
2319 3863 2402 3910 hac
2439 3863 2540 3925 lege
2575 3865 2663 3910 sint
