2950 4276
1374 948 1492 1015 III.

239 1146 394 1221 *De
432 1146 659 1206 motu
699 1159 1136 1223 corporum
1173 1143 1394 1206 circa
1432 1109 1820 1225 punctum
1858 1146 2113 1210 fixum
2152 1147 2594 1210 mobilium.

216 1559 257 1602 1.
291 1554 448 1603 Ardua
482 1557 666 1602 omnino
700 1563 771 1603 est
805 1557 1010 1618 quaestio
1045 1557 1091 1601 in
1127 1554 1389 1603 Mechanica
1425 1556 1480 1603 de
1517 1565 1645 1613 motu
1679 1572 1943 1620 corporum,
1978 1557 2063 1604 nisi
2098 1556 2171 1604 vel
2206 1557 2306 1605 solo
2338 1564 2466 1605 motu
2493 1561 2781 1621 progressivo

15 1636 17 1685 ἕ
77 1646 298 1706 ferantur,
349 1649 422 1696 vel
461 1651 581 1696 circa
620 1665 745 1697 axem
785 1646 928 1696 fixum
967 1640 1283 1698 revolvantur·
1335 1650 1448 1699 haec
1489 1653 1606 1698 enim
1642 1651 1732 1699 duo
1768 1659 1920 1700 motus
1954 1666 2120 1713 genera
2154 1648 2248 1698 fere
2283 1651 2380 1699 sola
2413 1651 2470 1698 ab
2503 1653 2779 1712 auctoribus,

14 1743 15 1755 ¹
77 1745 155 1806 qui
186 1743 407 1790 theoriam
444 1743 732 1791 Mechanicae
767 1744 1080 1801 excoluerunt,
1134 1751 1243 1791 sunt
1275 1752 1564 1806 pertractata.
1635 1745 1827 1801 Quando
1861 1752 2010 1794 autem
2047 1760 2212 1808 corpus
2245 1747 2307 1792 ita
2340 1747 2556 1807 agitatur,
2597 1753 2650 1793 ut
2682 1745 2782 1808 ejus
2835 1768 2838 1773 >

11 1879 14 1884 .
77 1844 225 1895 motus
257 1853 403 1900 neque
436 1838 496 1884 ad
529 1841 887 1900 progressionem
919 1837 1188 1900 simplicem,
1224 1854 1368 1901 neque
1404 1836 1461 1886 ad
1497 1841 1779 1901 gyrationem
1816 1842 1935 1887 circa
1969 1841 2221 1902 quempiam
2248 1855 2384 1886 axem
2415 1836 2554 1887 fuum
2577 1843 2781 1888 revocari

10 1909 13 1954 s
77 1933 240 1995 possit,
292 1927 476 1994 regulae
516 1947 797 1990 communes,
849 1948 1039 1995 quarum
1082 1948 1166 1994 ope
1207 1933 1255 1980 hi
1296 1941 1449 1981 motus
1488 1933 1667 1982 calculo
1707 1934 1867 1997 subjici
1902 1934 2069 1992 solent,
2123 1934 2296 1980 nullum
2330 1934 2518 1996 amplius
2550 1942 2781 1997 praestant

75 2039 229 2083 usum,
266 2025 458 2088 talisque
491 2034 641 2073 motus
674 2027 992 2074 determinatio
1025 2027 1159 2074 altius
1195 2042 1247 2073 ex
1281 2029 1434 2090 primis
1469 2027 1757 2076 Mechanicae
1792 2030 2022 2092 principiis
2049 2030 2192 2090 repeti
2221 2027 2376 2085 debet,
2412 2043 2602 2090 quorum
2630 2036 2779 2076 autem

8 2118 9 2161 ἶ
74 2121 343 2184 applicatio,
378 2121 437 2168 ob
470 2135 689 2168 summam
723 2129 948 2175 motuum,
983 2123 1061 2184 qui
1086 2123 1132 2168 in
1159 2122 1348 2169 diversis
1373 2124 1575 2185 corporis
1600 2123 1834 2185 particulis
1860 2125 2004 2170 inesse
2030 2129 2203 2186 potest,
2238 2118 2556 2180 differentiam,
2593 2125 2778 2170 maxime

6 2232 8 2273 f
75 2211 281 2262 difficilis
314 2214 535 2262 redditur.
1445 2282 1449 2284 Β

0 2318 1 2327 ’
204 2312 251 2356 2.
302 2310 423 2355 Ante
459 2308 610 2356 Celeb.
645 2308 1048 2356 Dalembertum
1083 2308 1268 2371 quidem
1302 2325 1457 2377 nemo,
1498 2317 1950 2374 quantumconstet,
1992 2309 2255 2374 hujusmodi
2289 2317 2440 2360 motus
2474 2310 2776 2359 evolutionem

73 2405 296 2466 suscepit,
347 2404 472 2466 isque
512 2403 627 2451 adeo
668 2405 839 2466 primus
874 2402 967 2450 hoc
1008 2410 1326 2465 argumentum
1368 2406 1572 2467 attigisse
1611 2412 1681 2452 est
1720 2403 1972 2452 censendus
2011 2407 2058 2450 in
2092 2404 2328 2454 excellenti
2364 2420 2519 2466 opere,
2561 2403 2683 2467 quod
2718 2404 2775 2451 de

73 2495 310 2545 nutatione
347 2499 436 2544 axis
472 2504 623 2544 terrae
665 2473 956 2559 conscripsit,
1007 2499 1052 2544 in
1091 2512 1182 2559 quo
1222 2498 1558 2564 subtilissimam
1590 2498 1728 2562 hujus
1762 2499 1940 2561 generis
1974 2500 2279 2560 quaestionem
2313 2505 2406 2545 tam
2439 2495 2633 2544 feliciter
2665 2513 2775 2543 eno-

74 2591 220 2650 davit,
271 2599 325 2639 ut
362 2590 419 2638 ab
458 2607 512 2639 eo
546 2593 676 2639 istius
707 2590 1086 2657 profundissimae
1120 2593 1260 2653 partis
1293 2591 1581 2639 Mechanicae
1615 2593 1869 2640 enucleatio
1904 2593 2184 2654 potissimum
2217 2594 2277 2638 sit
2309 2591 2594 2654 expectanda.
2664 2591 2772 2639 Cum

70 2688 189 2733 enim
227 2693 372 2743 terra,
423 2688 471 2732 in
511 2686 695 2733 aethere
738 2686 876 2732 libere
920 2683 1148 2733 fluctuans
1189 2693 1238 2732 et
1276 2701 1303 2733 a
1346 2686 1515 2734 viribus
1557 2686 1662 2733 solis
1702 2701 1754 2734 ac
1794 2668 1927 2734 lunae
1961 2685 2219 2742 sollicitata,
2273 2701 2366 2733 non
2401 2687 2461 2732 ita
2497 2688 2619 2733 circa
2650 2702 2772 2734 axem

70 2794 204 2828 suum
235 2788 441 2842 gyretur‚
482 2788 534 2828 ut
562 2783 600 2827 is
633 2780 718 2827 sibi
753 2787 977 2843 perpetuo
1011 2779 1251 2843 parallelus
1287 2755 1483 2838 maneat,
1525 2796 1659 2828 verus
1699 2788 1845 2830 terrae
1886 2788 2038 2828 motus
2078 2795 2158 2842 per
2192 2795 2267 2828 eas
2303 2781 2500 2842 regulaS,
2544 2795 2659 2843 quae
2693 2796 2773 2843 pro

71 2873 415 2937 simplicioribus
448 2882 600 2921 motus
631 2868 867 2936 speciebus
902 2881 1009 2920 sunt
1039 2881 1218 2931 erutae,
1254 2875 1434 2921 minime
1468 2874 1665 2936 expediri
1701 2881 1862 2936 potest.
1915 2873 2045 2922 Unde
2081 2876 2148 2926 vir
2181 2876 2466 2921 acutissimus
2494 2873 2635 2934 multo
2660 2874 2773 2921 sub-

72 2966 270 3015 limiores
301 2967 482 3030 regulas
515 2970 561 3014 in
594 2968 848 3021 subsidium
886 2983 1052 3015 vocare
1085 2975 1155 3015 est
1188 2976 1390 3026 coactus,
1433 2984 1547 3031 quae
1582 2970 1643 3025 ita
1677 2975 1783 3016 sunt
1815 2975 2119 3031 comparatae,
2164 2975 2213 3017 ut
2253 2983 2406 3015 earum
2439 2964 2661 3016 beneficio
2695 2969 2770 3015 alii

70 3062 329 3125 quicunque
361 3062 498 3125 hujus
531 3063 710 3123 generis
745 3068 914 3114 motus,
947 3067 1181 3122 utcunque
1213 3058 1384 3109 fuerint
1409 3040 1686 3124 complicati,
1721 3046 1880 3111 eodem
1908 3076 2124 3109 successu
2152 3058 2327 3110 definiri
2356 3077 2487 3124 posse
2514 3045 2765 3124 videantur.

82 3191 117 3200 ..
202 3157 249 3205 3,
301 3154 506 3219 Insignes
543 3155 592 3202 hi
633 3153 860 3217 profectus
902 3169 974 3201 me
1017 3157 1152 3201 etiam
1193 3157 1523 3213 excitaverunt,
1575 3162 1626 3202 ut
1668 3157 1783 3203 vires
1817 3170 1940 3202 meas
1972 3157 2019 3202 in
2053 3156 2207 3202 eadem
2241 3158 2500 3217 quaestione
2533 3163 2766 3212 tentarem,

70 3254 206 3312 atque
244 3250 408 3298 laboris
443 3252 534 3297 mei
573 3251 800 3312 specimen
840 3247 962 3295 edidi
1003 3251 1049 3295 in
1086 3247 1257 3296 Comm.
1294 3248 1564 3298 Academiae
1598 3250 1764 3312 Regiae
1796 3249 1943 3298 Berol.
1980 3250 2125 3297 Tomo
2160 3250 2216 3297 V.
2287 3250 2505 3318 Quoniam
2538 3258 2685 3297 autem
2721 3252 2764 3295 in

70 3342 158 3392 bat
188 3345 535 3406 investigatione
570 3358 736 3406 corpus
767 3349 922 3415 terrae
951 3358 1043 3391 non
1076 3344 1220 3392 solum
1254 3351 1466 3407 tanquam
1498 3343 1770 3400 rotundum,
1806 3343 1886 3392 sed
1919 3345 2052 3391 etiam
2076 3359 2102 3391 a
2135 3340 2286 3406 figura
2322 3344 2763 3407 sphaericatminime

69 3435 278 3484 aberrans
316 3441 507 3500 spectari
550 3445 727 3500 potest,
777 3438 860 3484 bae
901 3440 1262 3485 circumstantiae
1304 3439 1348 3484 in
1387 3438 1587 3499 analysin
1620 3436 1839 3501 ejusmodi
1875 3437 2273 3487 determinationes
2305 3439 2359 3486 ad
2395 3438 2616 3486 calculum
2650 3452 2763 3484 con-

69 3529 336 3580 trabendum
368 3531 614 3589 inducunt,
663 3546 777 3594 quae
811 3532 988 3580 nullum
1023 3532 1175 3582 locum
1208 3539 1359 3580 essent
1390 3532 1649 3591 habiturae,
1693 3534 1729 3581 si
1771 3540 1888 3580 terra
1930 3527 2127 3595 figuram
2167 3534 2312 3594 magis
2353 3523 2641 3593 irregularem
2677 3530 2765 3575 ha-

68 3622 213 3673 beret.
282 3625 344 3673 Ex
392 3641 484 3688 quo
533 3625 776 3674 methodus
814 3626 906 3684 illa,
958 3642 1047 3689 qua
1087 3642 1170 3689 pro
1211 3634 1339 3675 motu
1376 3635 1522 3676 terrae
1556 3641 1654 3675 sum
1689 3641 1818 3684 usus,
1869 3640 2049 3689 parum
2068 3627 2276 3674 utilitatis
2308 3621 2466 3672 afferre
2500 3624 2669 3686 poterit
2701 3622 2760 3670 ad

34 3730 39 3739 ··
70 3724 244 3767 notum
280 3720 592 3783 cujuscunque
632 3723 835 3783 corporis
876 3723 921 3768 in
964 3736 1129 3783 genere
1171 3720 1581 3779 determinandum,
1630 3728 1765 3784 atquej
1803 3720 2094 3791 nihilominus
2130 3720 2310 3800 regulae
2345 3718 2493 3766 adhuc
2526 3717 2763 3799 generales

22 3857 27 3860 ,
69 3809 462 3870 desiderabantur,
512 3814 676 3876 quibus
709 3829 949 3878 corporum
982 3830 1356 3879 quorumcunque
1389 3822 1540 3865 motus
1580 3815 1636 3864 ad
1671 3815 1895 3865 calculum
1929 3813 2074 3875 redigi
2108 3820 2310 3876 possent,
2349 3819 2395 3858 et
2426 3826 2540 3873 quae
2575 3825 2666 3858 non
2699 3809 2758 3858 ad

69 3912 241 3968 eertum
275 3921 518 3969 corporum
553 3921 697 3968 genus
731 3916 881 3956 essent
912 3907 1171 3957 adstrictae.

2430 3996 2456 4024 ιιι
