2950 4276
261 107 362 160 184
1048 99 1103 149 L.
1144 97 1184 148 E
1200 96 1240 147 U
1253 94 1345 146 LE
1356 95 1434 146 Rl
1482 92 1708 146 OPERA
1746 91 2133 144 POSTHUMA.
2673 92 2943 136 Astronmocla.

258 261 473 308 massulae
513 262 602 306 sint
635 275 676 317 μ
710 264 756 302 et
787 273 833 312 ν,
885 252 1097 300 distantia
1130 264 1240 296 vero
1276 244 1408 305 '=z,
1461 247 1554 301 vis,
1606 259 1693 308 qua
1726 260 1767 304 μ
1799 242 1860 291 ad
1890 260 1918 289 ν
1950 242 2200 290 attrahitur
2231 247 2302 289 est
2334 261 2398 283 =
2419 218 2499 316 Ἦ
2523 239 2651 306 (26),
2679 256 2733 290 ac
2757 243 2950 298 vicissim

1187 340 1269 379 Ομν

258 377 342 430 vis,
379 388 465 435 qua
499 389 527 416 ν
559 371 615 417 ad
646 387 688 429 μ
720 366 963 414 attrahitur
997 370 1068 411 est
1105 384 1168 404 =
1194 386 1288 438 ἶ-

258 483 465 537 urgetur,
501 488 654 548 earum
689 470 960 517 directiones
993 474 1098 514 sunt
1130 467 1396 514 contrariae.
1447 463 1548 511 Jam
1582 465 1628 510 in
1660 477 1856 526 corpore
1889 460 2162 508 elementum
2195 458 2499 523 quodcunque
2524 457 2583 507 ad
2607 459 2782 522 reliqua
2803 445 2950 522 omnffl

258 568 514 623 attrahit-ur,
567 573 614 611 et
663 565 822 611 sumtis
870 562 987 609 binis
1033 561 1308 624 quibusque,
1366 559 1504 616 vires,
1555 557 1720 620 quibus
1768 556 1961 603 alterum
2008 555 2065 602 ab
2107 555 2252 602 altero
2286 553 2555 612 attrahitur,
2604 561 2715 601 sunt
2744 536 2950 619 aequal&¹

1358 358 1478 407 Sunt
1510 361 1653 422 igitur
1685 358 1772 405 hae
1807 359 1926 405 vires
1957 355 2187 420 aequalae,
2222 363 2270 402 et
2302 356 2406 419 quia
2438 356 2631 403 alterum
2661 354 2721 403 ad
2752 353 2950 412 alterari*

257 668 302 707 et
351 661 625 717 contrariae,
676 657 871 720 ideoque
920 657 966 703 in
1014 670 1204 718 corpore
1253 652 1400 717 rigido
1451 667 1498 699 sc
1551 658 1708 699 mutuo
1759 650 2018 698 destruunt.
2071 647 2204 706 Quod
2254 665 2360 697 cum
2406 649 2606 707 eveniat,
2656 631 2950 716 quaecunqtff

256 754 357 800 bina
407 754 627 800 elementa
677 750 1036 808 considerentur,
1087 764 1270 796 necesse
1315 754 1384 795 est
1422 761 1579 793 omnes
1620 747 1738 793 vires
1780 745 2096 802 elementares,
2149 743 2312 806 quibus
2354 750 2518 790 cuncta
2558 742 2780 791 elementa
2818 744 2864 791 in
2903 724 2950 794 ἆ

256 855 414 896 mutuo
454 854 617 910 agunt,
669 862 718 894 se
759 852 917 893 mutuo
960 843 1210 900 destruere,
1262 848 1498 905 propterea
1545 838 1670 903 quod
1709 839 1936 903 quaelibet
1975 839 2043 886 vis
2081 837 2248 885 habeat
2286 837 2334 884 in
2374 851 2566 900 corpore
2603 836 2686 883 sibi
2725 816 2950 901 aequaleff

254 949 302 988 et
334 943 620 989 contrariam.
2913 895 2943 971 ζεῦ,

389 1037 468 1083 33.
519 1043 811 1087 001011.1.
862 1032 973 1081 Cum
1007 1033 1054 1078 in
1086 1030 1175 1078 hac
1209 1036 1363 1078 mutua
1397 1029 1558 1076 virium
1592 1026 1930 1075 elementarium
1962 1025 2271 1076 destructione
2307 1027 2422 1074 ratio
2455 1025 2696 1074 distantiae
2730 1039 2759 1071 z
2792 1006 2950 1077 non*

254 1145 442 1178 censum
483 1131 654 1187 veniat,
707 1135 832 1191 patet
864 1126 1096 1174 theorema
1130 1123 1230 1172 fore
1264 1139 1440 1182 verum,
1492 1123 1663 1169 etiamsi
1696 1123 1911 1170 attractio
1948 1121 2080 1169 aliam
2114 1136 2429 1185 quamcunque
2465 1104 2704 1168 distantiae
2737 1099 2950 1251 ratione}

254 1231 536 1288 sequeretur,
574 1221 818 1270 dummodo
853 1221 989 1277 vires,
1028 1219 1189 1282 quibus
1224 1216 1317 1265 duo
1353 1217 1573 1264 elementa
1605 1231 1654 1263 se
1688 1223 1847 1264 mutuo
1881 1214 2136 1273 attrahunt,
2171 1217 2382 1279 utrinque
2416 1212 2586 1262 fuerint
2617 1214 2840 1278 aequales.
2935 1192 2950 1275 ,1

388 1321 467 1366 31ι.
518 1325 740 1367 Col-oll-
765 1327 816 1368 2.
872 1312 977 1361 Sive
1021 1328 1133 1376 ergo
1183 1327 1352 1376 corpus
1389 1310 1588 1374 rigidum
1628 1312 1855 1374 quiescat,
1905 1312 2000 1358 sive
2038 1317 2295 1367 moveatur,
2346 1324 2374 1357 a
2415 1309 2606 1367 viribus,
2658 1309 2823 1372 quibus
2858 1308 2901 1356 e'

254 1411 474 1459 elementa
513 1423 561 1455 se
602 1415 760 1456 mutuo
802 1413 1043 1471 appetunt,
1095 1421 1240 1468 neque
1280 1404 1378 1470 ejus
1421 1411 1567 1451 status
1606 1405 1790 1467 quietis,
1840 1418 1989 1467 neque
2022 1410 2174 1452 motus
2206 1390 2562 1467 perturbabitur,
2612 1400 2693 1451 sed
2726 1417 2753 1451 a
2786 1404 2828 1451 vi
2893 1404 2898 1414 '

254 1506 448 1552 externis
480 1519 620 1566 aeque
652 1497 904 1558 afficietur,
941 1515 995 1547 ac
1027 1502 1064 1547 si
1099 1500 1319 1547 elementa
1356 1499 1454 1563 ejus
1488 1501 1531 1546 vi
1565 1499 1827 1546 attractrice
1860 1504 2082 1546 carerent.
2744 1475 2746 1477 .
2943 1445 2950 1512 ff

385 1599 463 1645 35.
513 1606 735 1647 (301011.
761 1609 813 1650 3.
869 1595 991 1651 Quae
1039 1609 1149 1657 ergo
1192 1595 1237 1641 in
1278 1593 1538 1642 Mechanica
1578 1591 1636 1641 de
1677 1599 1807 1641 motu
1847 1604 2087 1656 corporum
2127 1589 2375 1655 rigidorum
2409 1589 2672 1650 traduntur,
2721 1605 2774 1639 ea
2807 1587 2946 1639 omn&

254 1693 429 1740 veritati
477 1697 774 1738 consentanea
820 1695 1024 1747 manent,
1073 1689 1246 1735 etiamsi
1286 1688 1610 1736 elementorum
1648 1694 1802 1735 mutua
1841 1687 2077 1745 attractio,
2129 1701 2155 1734 a
2194 1701 2282 1750 qua
2321 1684 2504 1750 quidem
2545 1686 2606 1734 ibi
2644 1686 2842 1734 animum
2882 1712 2886 1726 2
2916 1692 2920 1749 j
2940 1734 2941 1740 ,

254 1789 572 1843 straxeramus,
606 1782 816 1842 accedat,
846 1799 997 1846 ,neque
1031 1780 1276 1846 quidquam
1310 1783 1371 1830 ibi
1405 1789 1643 1846 propterea
1679 1783 1766 1829 erit
1799 1781 2140 1829 immutandum.

389 1906 467 1953 36.
516 1912 796 1954 Scholion
822 1915 871 1957 1.
919 1899 1050 1959 Quod
1088 1899 1146 1949 ad
1179 1898 1416 1950 formulam
1457 1890 1510 1977 ἕξ
1545 1903 1728 1960 attinet,
1779 1902 1853 1949 cui
1894 1903 1983 1960 vis,
2035 1915 2123 1965 qua
2163 1899 2353 1948 massula
2393 1917 2436 1960 μ
2473 1887 2606 1947 aliam
2648 1872 2924 1947 massulamI

255 2012 301 2058 in
341 2008 554 2057 distantia
595 2022 701 2054 =z
742 2013 961 2055 remotam
1002 2005 1210 2065 attrahit,
1260 2013 1330 2054 est
1371 2006 1741 2070 proportionalis,
1793 2013 2014 2070 quatenus
2053 2021 2106 2054 ea
2145 2012 2327 2054 constat
2365 2020 2418 2053 ex
2455 2005 2695 2069 reciproco
2733 2003 2938 2148 quadra*

255 2227 348 2267 tem
382 2233 434 2265 ea
467 2218 535 2265 vis
567 2217 650 2279 ipsi
685 2229 856 2262 massae
890 2216 1150 2278 corpusculi
1182 2214 1454 2275 attrahentis
1486 2233 1528 2276 μ
1561 2222 1631 2264 est
1665 2215 2035 2280 proportionalis,
2070 2214 2117 2264 id
2142 2214 2326 2280 quidem
2352 2215 2450 2263 sola
2475 2216 2652 2285 ratione
2677 2214 2903 2279 colleg···

256 2115 495 2170 distantiae
529 2119 575 2159 et
607 2125 751 2158 massa
785 2109 1047 2174 corpusculi
1079 2112 1263 2158 attracti
1296 2128 1346 2170 ν,
1379 2111 1478 2175 ejus
1510 2112 1746 2159 veritatem
1779 2126 1861 2176 per
1892 2110 2205 2174 phaenomena
2238 2110 2546 2159 stabilivimus.
2607 2110 2840 2168 Quatenus

257 2324 390 2373 Nunc
423 2323 565 2385 igitur
597 2320 711 2368 haec
745 2326 970 2383 postrema
1002 2321 1118 2367 ratio
1152 2319 1296 2368 multo
1331 2317 1498 2368 fortius
1532 2321 1878 2370 corroboratur:
1944 2319 2057 2369 Cum
2090 2322 2211 2368 enim
2242 2320 2553 2384 phaenomena
2582 2321 2720 2367 etiam
2750 2321 2881 2368 evin
2932 2346 2933 2351 =

257 2438 429 2479 motum
468 2429 687 2493 cujusque
725 2429 925 2491 corporis
959 2427 1170 2476 coelestis
1201 2443 1295 2476 non
1328 2428 1582 2492 perturbari
1614 2444 1640 2477 a
1674 2430 1868 2488 viribus,
1920 2429 2084 2493 quibus
2117 2429 2216 2493 ejus
2248 2435 2400 2492 partes
2432 2443 2479 2476 se
2513 2435 2672 2477 mutuo
2702 2413 2895 2476 attrahs

258 2535 365 2584 hinc
403 2534 598 2582 vicissim
637 2531 926 2594 intelligitur,
973 2533 1112 2589 vires,
1162 2532 1327 2595 quibus
1364 2533 1470 2580 bina
1510 2549 1712 2597 quaeque
1755 2534 1973 2582 elementa
2013 2549 2061 2581 se
2102 2540 2261 2581 mutuo
2301 2532 2558 2590 attrahunt,
2609 2532 2817 2596 aequales

259 2647 491 2704 oportere,
527 2631 739 2701 quoniam
771 2636 970 2699 alioquin
1003 2638 1178 2684 evenire
1212 2645 1386 2700 posset,
1421 2645 1474 2686 ut
1506 2637 1593 2685 hae
1628 2640 1747 2686 vires
1780 2638 2073 2687 elementares
2106 2653 2154 2686 se
2188 2645 2348 2686 mutuo
2382 2653 2472 2685 non
2506 2636 2809 2686 destruerent.
2888 2612 2895 2623 ι
2926 2605 2930 2621 ί

258 2744 351 2793 hoc
392 2743 556 2791 clarius
595 2742 911 2805 perspiciatur,
961 2755 1188 2788 sumamus
1228 2742 1320 2789 vim
1360 2744 1668 2791 attractricem
1707 2759 1799 2792 non
1842 2745 1925 2808 ipsi
1967 2759 2137 2791 massae
2164 2714 2212 2804 ,u
2245 2742 2499 2807 corpusculi
2532 2742 2826 2803 attrahentis,

260 2850 357 2915 ejus
387 2845 608 2912 quadrato
642 2844 705 2906 pc²
741 2860 838 2893 esse
872 2845 1270 2909 proportionalem,
1306 2862 1560 2911 corpusque
1594 2846 1792 2912 rigidum
1826 2855 2005 2896 tantum
2038 2863 2090 2895 ex
2124 2847 2302 2896 duobus
2336 2848 2569 2894 elementis
2602 2864 2644 2908 μ
2677 2854 2725 2895 et
2755 2864 2785 2893 ν
2816 2823 2924 2895 in

2403 2927 2502 2970 Cu²v

260 2952 382 3003 vallo
413 2969 441 3001 z
475 2950 642 2999 dissitis
675 2962 772 2997 esse
804 2947 1067 2998 conflatum.
1118 2949 1214 3007 Quo
1251 2953 1399 3015 posito
1433 2953 1521 2999 erit
1557 2954 1645 3010 vis,
1679 2968 1768 3017 qua
1801 2971 1830 3000 ν
1862 2952 1920 3001 ad
1956 2971 1996 3014 μ
2028 2952 2272 3001 attrahitur
2305 2973 2368 2995 =
2426 3005 2468 3029 xz

1011 3039 1115 3080 (ἶμν2

1041 3117 1083 3141 zz

2509 2978 2523 3000 ‚
2559 2958 2717 3000 contra
2741 2967 2848 3001 vero
2893 2961 2903 2997 x·
2919 2999 2922 3005 ,

261 3083 350 3132 qua
391 3084 431 3127 μ
471 3064 530 3113 ad
570 3082 598 3111 ν
638 3064 884 3112 attrahitur
925 3086 987 3106 =
1125 3090 1138 3113 2
1191 3082 1304 3129 quae
1345 3082 1456 3130 ergo
1497 3066 1615 3115 duae
1659 3070 1774 3116 vires
1815 3084 1908 3117 non
1947 3076 2101 3128 essent
2131 3069 2364 3132 aequales,
2412 3069 2499 3116 nisi
2533 3069 2757 3116 elementa
2790 3065 2816 3115 f
2852 3089 2868 3107 e
2904 3092 2919 3146 'ss

259 3181 481 3246 aequalia,
524 3179 714 3242 ideoque
748 3194 914 3241 corpus
947 3186 1096 3226 totum
1132 3195 1317 3228 excessu
1350 3183 1511 3230 virium
1550 3161 1790 3258 Q(pt—
1810 3182 1857 3246 v)
1891 3183 1951 3232 ad
1984 3191 2155 3231 motum
2189 3184 2532 3241 sollicitaretur,
2570 3181 2695 3245 quod
2726 3197 2782 3230 eo
2828 3204 2849 3224 ι·

260 3293 382 3335 esset
420 3282 686 3340 absurdum,
738 3298 841 3329 cum
874 3282 992 3330 idem
1026 3297 1191 3347 corpus
1224 3281 1412 3333 infinitis
1446 3285 1591 3334 modis
1624 3290 1672 3334 in
1706 3287 1819 3336 duas
1851 3295 2003 3351 partes
2037 3287 2282 3335 dissectum
2316 3289 2495 3350 concipi
2529 3293 2684 3350 queat,
2736 3293 2784 3333 et
2816 3269 2915 3350 q=s

260 3392 371 3440 libet
418 3387 872 3451 sectio‘peculiarem
915 3389 1005 3434 vim
1046 3397 1165 3435 esset
1205 3389 1475 3448 exhibitura,
1528 3392 1661 3456 cujus
1702 3394 1836 3439 etiam
1876 3391 2066 3441 directio
2110 3408 2136 3440 a
2178 3393 2390 3439 sectionis
2423 3394 2596 3440 ratione
2631 3390 2831 3454 pendens
2877 3408 2896 3428 ι’

261 3493 383 3544 foret
425 3500 564 3541 certa.
629 3490 761 3548 Quod
802 3505 907 3538 cum
946 3493 1007 3538 sit
1046 3494 1232 3540 maxime
1272 3494 1542 3553 absurdum,
1594 3503 1716 3543 extra
1757 3511 1890 3544 omne
1931 3495 2120 3544 dubium
2160 3503 2229 3543 est
2262 3498 2481 3559 positum,
2533 3497 2624 3543 vim
2656 3495 2868 3546 attrahen
2887 3471 2893 3499 ³

262 3599 480 3663 cujusque
515 3597 722 3644 elementi
757 3596 895 3658 ipsius
930 3611 1097 3643 massae
1132 3612 1229 3644 esse
1265 3600 1664 3660 proportionalem,
1705 3600 1923 3665 hancque
1943 3602 2128 3648 rationis
2164 3588 2222 3677 ἴ]
2263 3607 2434 3663 partem
2468 3599 2579 3647 adeo
2613 3601 2756 3648 multo
2789 3597 2909 3647 certi

263 3718 360 3750 esse
395 3704 585 3749 evictam
622 3715 756 3764 quam
789 3700 999 3763 reliquaS,
1042 3716 1146 3748 cum
1179 3701 1262 3749 hae
1295 3710 1468 3751 tantum
1504 3721 1557 3752 ex
1591 3705 1910 3769 phaenomenis
1943 3707 2050 3755 sint
2066 3705 2327 3764 conclusae,
2371 3705 2445 3753 illa
2488 3713 2640 3753 autem
2681 3704 2795 3753 adeo
2822 3703 2907 3768 pri·

265 3808 378 3868 cipio
411 3803 785 3854 contradictionis
819 3805 1050 3852 innitatur.
2853 3822 2904 3858 »¹1
2947 3845 2950 3854 .
