2950 4276
2084 1036 2202 1057 .
2268 1009 2273 1047 2
2442 1027 2443 1030 =
2906 1011 2945 1047 ιι,

1438 856 1441 859 ’
1726 871 1731 876 .
1852 861 1858 874 3
1906 868 1912 870 -
1944 855 1955 858 μ’
1996 859 2033 875 ἰ)

1428 879 1439 897 ”
1470 899 1505 906 ,.
1558 901 1561 904 ⁴
1648 890 1677 907 -ι,

1476 990 1478 995 ,
1533 952 1612 1017 V.
1742 1011 1746 1018 .
1859 1010 1881 1023 ,.

1764 1025 1797 1049 !¹
1840 1033 1881 1051 ,1
1930 1024 1973 1043 Μ’

2667 1097 2696 1116 ,ο

227 1162 370 1267 ne
411 1152 672 1276 motu·-
699 1206 1134 1271 corporum
1174 1131 1298 1261 2in=³
1333 1192 1537 1260 tubo
1596 1142 2043 1274 *rectilineo*
2071 1145 2368 1254 mobili·
2397 1145 2638 1285 ἶ(εἰιξςειιῖ
2678 1122 2950 1257 axem}

522 1355 528 1370 ³
567 1354 570 1357 ·
616 1317 982 1392 fixums
1018 1330 1164 1395 1¹8¹*
1210 1309 2540 1394 ipsumwbumtranseuntemaei
2791 1338 2950 1409 ‘'¹¹³'“·'¹'}

2358 1446 2362 1451 ι
2642 1435 2644 1439 ¹
2775 1433 2784 1445 s
2887 1443 2894 1451 ι
2947 1451 2950 1454 ⁴

2044 1464 2051 1475 ¹'
2105 1463 2122 1476 ’ἴ
2146 1468 2151 1481 ⁴
2191 1455 2226 1485 Ι“’
2360 1483 2362 1485 ,
2458 1468 2462 1483 ’.
2540 1464 2553 1467 ’”
2817 1489 2826 1495 ,.
2887 1457 2947 1486 ιῘῖΙ

363 1873 405 1916 1.
459 1867 679 1933 Corpora,
714 1887 828 1933 quae
864 1871 938 1917 hic
973 1872 1016 1917 in
1051 1872 1172 1918 tubis
1206 1871 1376 1918 moveri
1411 1887 1554 1934 pono,
1591 1867 1766 1918 infinite
1801 1886 1938 1933 parva
1974 1886 2174 1928 assumo,
2208 1871 2268 1917 ita
2306 1877 2355 1918 ut
2389 1870 2525 1918 alium
2554 1876 2726 1917 motum
2751 1875 2947 1933 praeter

228 1960 565 2026 progressivum
625 1965 869 2027 simplicem
928 1967 1129 2027 accipere
1185 1973 1439 2027 nequeant:
1505 1966 1600 2012 tubi
1658 1981 1768 2027 ergo
1822 1964 2081 2028 hujusmodi
2138 1964 2403 2027 corpuscula
2457 1966 2743 2012 continentes
2793 1964 2950 2018 erunt(

224 2072 406 2119 quoque
445 2055 616 2105 infinite
659 2061 866 2120 angusti,
917 2075 1085 2122 perque
1130 2075 1208 2106 eos
1249 2055 1517 2122 corpuscula
1550 2052 1662 2106 ‘sine‘
1692 2052 2037 2109 ulla-'frictione
2079 2061 2248 2106 moveri
2294 2066 2459 2106 statuo.
2528 2058 2672 2105 Erunt
2704 2059 2847 2120 igitur
2880 2055 2950 2120 hij

223 2151 320 2197 tubi
363 2168 518 2199 revera
561 2153 723 2207 lineae,
777 2156 820 2199 in
861 2153 1023 2215 quibus
1064 2154 1331 2216 corpuscula
1376 2154 1447 2200 illa
1487 2156 1545 2200 ita
1581 2162 1708 2200 motu
1742 2169 1824 2201 suo
1859 2151 2090 2210 feruntur,
2143 2161 2194 2200 ut
2227 2154 2283 2200 ab
2319 2154 2406 2200 illis
2440 2152 2654 2200 recedere
2688 2132 2950 2215 nequeanhl

224 2244 345 2292 Haec
379 2254 447 2292 est
483 2246 782 2294 consideratio
819 2250 1114 2309 geometrica,
1168 2263 1283 2310 quae
1318 2255 1467 2294 autem
1503 2263 1595 2294 non
1631 2247 1839 2310 impedit,
1881 2249 2117 2310 quominus
2151 2248 2414 2310 corpuscula
2450 2247 2524 2294 illa
2560 2242 2715 2295 finitae
2749 2228 2950 2310 magni-¹}

223 2338 392 2387 tudinis
433 2343 570 2388 statui
613 2348 799 2403 queant,
854 2341 1101 2389 dummodo
1143 2343 1188 2387 in
1222 2341 1342 2388 tubis
1377 2349 1422 2387 et
1457 2343 1550 2387 sine
1584 2339 1795 2389 frictione
1830 2349 1877 2388 et
1910 2344 2005 2388 sine
2041 2349 2171 2389 motu
2202 2343 2424 2389 rotatorio
2457 2349 2739 2402 moveantur.
2806 2336 2950 2408 Quo-J

225 2436 374 2481 minus
405 2442 554 2482 autem
590 2451 722 2482 casus
755 2443 861 2483 actu
896 2438 1089 2483 existens
1122 2436 1178 2482 ab
1213 2435 1451 2498 hypothesi
1487 2433 1689 2492 differet,
1725 2451 1780 2483 eo
1815 2438 1999 2498 propius
2032 2443 2220 2483 eventus
2254 2450 2359 2483 cum
2395 2436 2571 2485 calculo
2604 2437 2893 2501 conspirabit.

358 2578 405 2624 2.
459 2575 579 2640 (Fig.
613 2577 739 2640 137.)
792 2577 862 2625 Sit
897 2578 975 2625 OF
1001 2579 1137 2626 tubus
1171 2586 1328 2625 rectus
1362 2579 1540 2626 mobilis
1573 2580 1692 2626 circa
1727 2586 1944 2642 punctum
1978 2574 2114 2626 fixum
2145 2578 2204 2635 0,
2237 2580 2359 2627 circa
2385 2579 2508 2642 quod
2534 2582 2581 2627 in
2608 2579 2767 2628 eodem
2796 2581 2929 2644 plano
2944 2595 2950 2602 ’·

227 2670 365 2717 libere
402 2674 550 2732 gyrari
583 2679 734 2734 queat.
803 2671 937 2728 Quod
972 2674 1007 2718 si
1043 2687 1153 2734 ergo
1187 2672 1262 2719 hic
1296 2673 1433 2719 tubus
1466 2680 1720 2730 moveatur,
1754 2673 1853 2736 ejus
1887 2680 2040 2720 motus
2075 2680 2393 2735 cognoscetur,
2428 2675 2463 2719 si
2497 2673 2600 2721 data
2635 2671 2774 2722 fuerit
2806 2657 2947 2724 cele-⁸

180 2775 184 2779 ’
226 2767 337 2813 ritas
370 2766 569 2829 cujusvis
610 2767 708 2829 ejus
742 2770 897 2828 puncti
933 2767 973 2813 F
999 2770 1212 2814 rotatoria
1247 2769 1367 2814 circa
1406 2768 1455 2814 Ο.
1525 2755 1594 2814 Sit
1628 2769 1743 2813 enim
1779 2767 2006 2825 celeritas,
2060 2782 2147 2830 qua
2181 2775 2397 2830 punctum
2432 2756 2471 2815 F'
2499 2771 2618 2816 circa
2656 2770 2692 2817 0
2722 2771 2927 2819 arculum

228 2856 301 2918 Ff
325 2862 568 2923 percurrit,
605 2838 753 2907 debita
789 2861 1016 2908 altitudini
1054 2877 1103 2918 ιι,
1138 2877 1188 2907 ex
1224 2877 1274 2907 ea
1311 2869 1619 2923 cognoscetur
1652 2862 1857 2908 celeritas
1891 2862 2094 2925 cujusvis
2128 2862 2243 2909 alius
2275 2863 2370 2909 tubi
2398 2865 2552 2925 puncti
2579 2865 2636 2911 P.
2672 2863 2783 2912 Cum
2811 2867 2929 2914 enim

227 2954 368 3002 tubus
409 2954 486 3001 OF
520 2962 695 3016 puncto
736 2957 952 3017 temporis
994 2957 1039 3002 in
1080 2958 1213 3002 situm
1252 2951 1324 3013 Of*
1354 2957 1607 3018 perveniat,
1657 2963 1878 3018 punctum
1915 2957 1958 3002 P
1991 2958 2035 3002 in
2066 2973 2097 3019 p
2131 2959 2381 3018 perveniet,
2434 2957 2554 3004 unde
2587 2959 2688 3022 ejus
2722 2960 2940 3009 celeritas·

229 3050 317 3096 erit
355 3048 413 3095 ad
454 3049 726 3108 celeritatem
766 3052 925 3111 puncti
967 3050 1007 3096 F
1042 3057 1093 3096 ut
1136 3051 1203 3111 Pp
1243 3049 1300 3096 ad
1343 3046 1426 3108 Fr,
1471 3050 1560 3097 hoc
1595 3057 1663 3097 est
1696 3058 1747 3097 ut
1782 3051 1863 3096 ΟΡ
1896 3050 1953 3097 ad
1992 3050 2078 3099 OF.
2145 3050 2289 3107 Quare
2330 3066 2432 3098 cum
2468 3052 2674 3100 celeritas
2707 3056 2862 3116 puncti
2896 3051 2937 3102 F

226 3155 287 3200 sit
321 3150 496 3211 ενα,
533 3156 615 3199 erit
650 3155 1035 3216 celeritaspuncti
1063 3132 1386 3230 P=g1l1½
1423 3153 1614 3217 ideoque
1649 3154 1843 3202 altitudo
1878 3155 1985 3202 huic
2020 3155 2245 3207 celeritati
2278 3153 2430 3203 debita
2456 3131 2672 3232 ε-ὃοέζα,

361 3318 404 3363 3.
457 3315 628 3362 Deinde
663 3317 796 3362 etiam
831 3318 865 3362 si
901 3316 1060 3373 tubus,
1098 3315 1205 3362 dum
1242 3332 1322 3379 per
1354 3317 1571 3378 angulum
1607 3312 1782 3363 infinite
1819 3332 2004 3379 parvum
2040 3307 2150 3374 FOf'
2170 3323 2367 3374 rotatur,
2402 3317 2673 3366 sollicitetur
2703 3336 2729 3368 a
2763 3323 2929 3372 viribus

226 3410 580 3473 quibuscunque,
617 3410 886 3456 acceleratio
922 3426 1000 3456 seu
1033 3409 1278 3457 retardatio
1314 3418 1464 3457 motus
1501 3412 1702 3457 rotatorii
1745 3407 1922 3456 definiri
1957 3413 2137 3473 poterit.
2189 3410 2469 3473 Colligautur
2502 3415 2618 3459 enim
2652 3416 2934 3477 singularum

226 3507 386 3551 virium
420 3505 754 3550 sollicitantium
790 3511 1013 3550 momenta
1049 3511 1256 3565 respectu
1288 3506 1378 3550 axis
1414 3505 1449 3551 Ο
1482 3511 1648 3561 sumta,
1684 3519 1874 3569 quarum
1908 3519 2080 3551 summa
2112 3506 2171 3551 sit
2195 3500 2369 3562 =Pf,
2405 3520 2520 3567 quae
2553 3507 2714 3554 tendat
2743 3509 2802 3556 ad
2829 3526 2929 3559 mo-

223 3606 323 3645 tum
357 3599 454 3645 tubi
489 3597 854 3645 accelerandum:
889 3597 1131 3644 retardatio
1167 3600 1284 3644 enim
1319 3613 1397 3659 per
1429 3600 1610 3660 signum
1644 3601 1907 3660 negativum
1941 3598 2226 3645 indicabitur.
2294 3598 2414 3665 Tum
2448 3609 2694 3662 quaeratur
2726 3619 2930 3652 momen-

224 3698 321 3737 tum
370 3693 554 3738 inertiae
605 3691 701 3737 tubi
744 3698 954 3753 respectu
995 3690 1197 3753 ejusdem
1238 3693 1330 3737 axis
1366 3691 1420 3748 0,
1474 3690 1597 3752 quod
1638 3693 1805 3745 oritur,
1856 3694 1894 3738 si
1936 3692 2139 3753 singulae
2179 3691 2275 3738 tubi
2315 3693 2560 3754 particulae
2596 3710 2676 3757 per
2708 3697 2929 3759 quadrata

229 3783 544 3831 distantiarum
578 3799 760 3831 suarum
796 3783 853 3832 ab
888 3799 965 3830 axe
1002 3785 1375 3846 multiplicentur,
1411 3791 1547 3846 atque
1583 3786 1729 3831 omnia
1763 3785 1848 3832 hae
1883 3784 2104 3847 producta
2140 3786 2185 3831 in
2222 3800 2356 3831 unam
2389 3801 2608 3833 summam
2634 3789 2937 3852 colliganturx

337 3918 377 3976 *)
405 3921 517 3962 Haec
537 3923 844 3974 commentatio,
866 3936 987 3965 manu
1010 3923 1086 3964 cel.
1108 3922 1299 3964 Auctoris
1318 3922 1529 3977 inscripta:
1562 3922 1723 3977 Caput
1741 3922 1778 3973 Ι,
1810 3923 1975 3980 maj0ris
1995 3922 2205 3977 cujusdam
2227 3923 2364 3977 operis
2384 3936 2480 3978 pars
2499 3924 2628 3966 fuisse
2651 3923 2826 3967 videtur.
