2950 4276
1361 1063 1447 1132 II.

756 1295 984 1358 Vera
1020 1293 1238 1398 vires
1273 1289 1786 1356 existimandi
1824 1289 2060 1353 ratio.

1275 1515 1516 1526 ——-

112 1671 114 1673 ¹
172 1678 206 1747 §
242 1680 276 1728 1.
326 1679 429 1728 Jam
469 1677 641 1726 dudum
676 1692 840 1741 magna
875 1683 943 1723 est
976 1674 1245 1738 disceptatio
1278 1672 1797 1730 interMathematicos,
1832 1674 2094 1721 acutissimo
2128 1672 2236 1722 dum
2271 1676 2443 1722 viveret
2474 1674 2749 1724 Leibnitio

40 1775 338 1824 adhaerentes
380 1763 429 1822 et
462 1773 771 1830 Cartesianos‚
824 1787 928 1819 cum
972 1770 1019 1817 hi
1063 1772 1152 1816 vim
1193 1771 1396 1833 corporis
1435 1771 1546 1817 moti
1579 1785 1752 1817 massae
1786 1771 1833 1816 in
1867 1768 2142 1817 celeritatem
2175 1769 2337 1817 ductae
2371 1771 2748 1834 proportionalem

24 1848 200 1928 uelint,
253 1869 321 1916 illi
362 1885 471 1917 vero
511 1870 644 1915 istam
686 1880 926 1929 corporum
968 1867 1059 1911 vim
1101 1862 1224 1911 facto
1268 1880 1320 1911 ex
1362 1879 1506 1911 massa
1548 1872 1595 1912 et
1637 1864 1879 1912 celeritatis
1918 1864 2136 1926 quadrato
2170 1866 2506 1927 proportionari
2540 1867 2745 1912 evincere

38 1970 280 2012 conentur.
323 1963 510 2020 Eorum,
543 1963 620 2024 qui
654 1960 980 2008 Leibnitium
1016 1965 1291 2024 sequuntur,
1328 1959 1567 2020 praecipue
1602 1959 1648 2004 in
1682 1956 2030 2004 demonstranda
2057 1973 2136 2005 sua
2162 1961 2381 2006 sententia
2409 1973 2591 2021 operam
2619 1973 2744 2006 suam

35 2057 377 2121 impenderunt,
432 2056 610 2104 Clariss.
645 2055 673 2102 J
684 2054 765 2101 oh.
803 2053 1152 2100 Beruoullius
1193 2060 1240 2099 et
1278 2052 1687 2115 Sgravezande,
1723 2054 1799 2116 qui
1835 2068 1925 2099 non
1961 2053 2106 2100 solum
2140 2056 2409 2100 sententiam
2443 2069 2569 2101 suam
2603 2055 2744 2101 ratio-

0 2159 1 2207 l
35 2153 169 2200 nibus
206 2151 287 2199 sed
320 2159 367 2199 et
399 2152 713 2213 experimentis
751 2149 934 2210 egregie
971 2143 1315 2194 confirmarunt.

165 2243 195 2311 §
230 2245 287 2293 11.
347 2245 464 2293 Utut
503 2250 655 2290 autem
697 2242 818 2288 clare
861 2243 931 2288 isti
973 2243 1055 2287 viri
1097 2240 1383 2287 illustrissimi
1427 2243 1661 2288 veritatem
1707 2238 1932 2303 dogmatis
1973 2244 2041 2289 sui
2086 2241 2143 2288 ob
2185 2242 2344 2289 oculos
2384 2240 2741 2291 Cartesianorum

33 2342 285 2403 posuerint,
321 2338 612 2386 nihilominus
643 2350 821 2397 semper
855 2334 902 2380 hi
938 2337 982 2381 in
1019 2349 1098 2382 sua
1133 2335 1358 2381 sententia
1395 2337 1691 2397 pertinaciter
1725 2343 1948 2397 perstant,
1985 2344 2032 2381 et
2059 2351 2155 2382 sese
2183 2336 2460 2382 Leibnitio
2487 2343 2737 2397 opponunt.

31 2433 155 2490 Quos
187 2436 307 2480 inter
342 2445 549 2494 magnam
581 2430 790 2477 adhibuit
823 2429 1102 2491 diligentiam
1135 2428 1191 2475 ad
1227 2427 1493 2475 Leibnitii
1529 2432 1800 2476 sententiam
1835 2427 2118 2476 refutandam
2154 2428 2382 2492 professor
2416 2430 2597 2492 quidam
2625 2430 2737 2477 Hol-

29 2525 194 2577 landus
226 2511 524 2574 Maclaurin
558 2526 769 2581 nomine,
815 2525 862 2570 in
893 2522 1219 2570 schediasmate
1255 2524 1442 2585 egregio
1478 2523 1558 2569 illo
1592 2524 1630 2570 si
1667 2523 1753 2570 diis
1788 2524 1959 2586 placet,
2012 2541 2104 2588 quo
2136 2526 2404 2571 sententiam
2437 2539 2563 2571 suam
2598 2539 2736 2587 super

27 2622 477 2670 communicationem
518 2626 668 2666 motus
702 2633 944 2680 corporum
978 2614 1180 2680 perfecte
1214 2617 1434 2664 durorum
1475 2619 1676 2680 exponit,
1728 2620 1806 2681 qui
1846 2634 1937 2665 non
1974 2619 2120 2666 solum
2162 2621 2534 2666 existimationem
2574 2620 2734 2666 virium
2787 2619 2789 2621 ’

28 2723 85 2764 ex
122 2714 340 2779 quadrato
381 2713 624 2762 celeritatis
661 2710 863 2760 refutare·
901 2718 1113 2770 conatur,
1166 2724 1324 2758 verum
1366 2718 1598 2773 practerea
1630 2720 1863 2760 asseverat
1898 2728 1994 2761 esse
2030 2700 2371 2761 contradictorii
2404 2714 2530 2776 quid,
2582 2713 2734 2761 dicere

0 2812 145 2859 vvires
182 2824 426 2873 corporum
467 2823 567 2855 esse
609 2809 656 2856 in
696 2786 925 2871 duplicata
964 2807 1139 2854 ratione
1173 2805 1437 2863 celeritatis,
1490 2804 1624 2869 idque
1657 2808 1735 2854 tali
1780 2809 2099 2872 paralogismo,
2152 2808 2285 2872 cujus
2326 2808 2398 2856 vel
2438 2815 2646 2869 tyronum
2690 2810 2734 2854 in

26 2894 275 2970 'geometria
308 2903 492 2968 pudeat.
1447 2898 1449 2900 ’
1910 2908 1912 2910 ’

156 2996 186 3065 §
218 2999 296 3048 lll.
347 2998 446 3046 Huc
484 3004 636 3045 autem
678 2994 797 3044 redit
836 2996 936 3059 ejus
975 2996 1208 3059 egregium
1248 2997 1556 3044 ratiocinium:
1608 2996 1714 3045 Sint
1745 2994 1846 3046 vduo
1883 3012 2074 3060 corpora
2107 3011 2250 3046 massa
2283 2998 2484 3061 aequalia
2518 2996 2563 3045 A
2596 3005 2642 3044 et
2678 2999 2732 3054 B,

23 3093 215 3143 Ultemm
248 3091 294 3142 A
327 3093 562 3140 celeritate
597 3098 649 3140 ut
685 3092 736 3148 8,
786 3091 978 3138 alterum
1012 3090 1058 3137 Β
1082 3097 1135 3137 ut
1181 3091 1239 3137 ¹0
1281 3089 1437 3137 latum.
1504 3090 1624 3138 Dicit
1667 3092 1760 3149 ille,
1804 3107 1902 3139 esse
1945 3092 2356 3140 contradictionem
2398 3080 2618 3155 quandam
2661 3091 2733 3139 di-

24 3200 152 3245 oere,
187 3188 274 3234 vim
306 3188 509 3250 comoris
542 3185 587 3234 Α
622 3200 719 3232 esse
750 3183 820 3232 ad·
844 3186 933 3231 vim
968 3186 1173 3246 corporis
1209 3184 1249 3231 Β
1281 3191 1334 3231 ut
1367 3187 1430 3231 6¹»
1465 3184 1524 3231 ad
1564 3187 1678 3243 100,
1712 3185 1846 3249 idque
1880 3188 1943 3234 sic
1976 3187 2162 3249 probat:
2197 3184 2267 3233 Sit
2293 3186 2504 3234 velocitas
2531 3189 2732 3249 corporis

23 3281 85 3329 θ’
105 3283 295 3344 primum
335 3295 518 3344 quoque
558 3287 611 3329 ut
646 3281 698 3338 8,
753 3284 887 3327 erunt
930 3279 1047 3326 vires
1081 3294 1324 3341 corporum
1358 3277 1404 3326 A
1437 3285 1484 3326 et
1517 3275 1559 3325 Β
1593 3281 1660 3327 (314v
1689 3287 1736 3327 et
1770 3282 1855 3337 643
1898 3281 1994 3344 jam
2028 3288 2176 3328 autem
2213 3281 2420 3328 celeritas
2452 3282 2657 3344 corporis
2692 3280 2730 3326 Β

20 3373 198 3424 uuobns
231 3374 449 3438 gradibus
481 3382 699 3438 augetur,
733 3381 788 3422 ut
819 3388 943 3421 nnnc
979 3375 1041 3420 sit
1073 3381 1126 3421 ut
1165 3375 1239 3420 10.
1307 3372 1451 3431 Dicit,
1494 3376 1649 3422 nescio
1683 3389 1773 3437 quo
1807 3372 2123 3432 fundamento,
2157 3375 2258 3439 ejus
2293 3377 2381 3423 vim
2410 3375 2540 3438 juxta
2573 3374 2730 3422 Leib-

20 3471 211 3519 nitium
244 3460 402 3533 augeri
439 3472 467 3517 ἰ
500 3469 743 3532 gradibus,
778 3476 826 3516 et
859 3468 968 3516 hinc
1001 3470 1093 3517 vim
1127 3463 1333 3531 corporis
1364 3466 1411 3515 A
1441 3465 1540 3516 fore
1575 3467 1632 3516 ad
1669 3471 1994 3532 vimcorporis
2027 3470 2068 3515 Β
2101 3477 2156 3518 ut
2189 3471 2251 3518 Gt»
2287 3469 2344 3517 ad
2385 3470 2719 3522 eim-14:68,

14 3561 142 3628 iuxta
175 3567 320 3628 ipsum
352 3565 704 3622 Leibnitium,
740 3566 818 3627 qui
855 3571 1005 3611 tamen
1038 3578 1217 3626 quoque
1250 3557 1456 3610 defendit
1487 3577 1586 3611 esse
1617 3563 1745 3611 hanc'
1768 3561 2073 3612 rationem'ut
2104 3567 2166 3613 64
2201 3564 2258 3612 ad
2297 3565 2411 3618 100;
2453 3563 2571 3610 unde
2606 3577 2721 3609 con·

18 3650 164 3707 uadit
207 3659 477 3705 sententiam
525 3658 828 3705 leibnitianam
868 3671 926 3705 eo
966 3656 1211 3713 deducere,
1260 3662 1314 3703 ut
1354 3656 1533 3703 calculo
1571 3658 1656 3703 rite
1697 3656 1928 3705 subducto
1970 3660 2221 3720 reperiatur
2262 3655 2719 3712 64ε6826ῐκ100,

19 3746 104 3801 hu
132 3753 197 3802 68
216 3771 279 3795 =
305 3746 420 3807 100ss
451 3751 575 3816 quod
606 3760 713 3800 cum
748 3754 810 3800 sit
843 3749 1109 3807 absurdum,
1146 3747 1283 3797 insert
1314 3749 1583 3797 Leibnitii
1617 3753 1886 3798 sententiam
1921 3750 2325 3799 contradictionem
2362 3749 2603 3797 involvere.

146 3844 175 3913 §
210 3846 287 3896 IV.
322 3845 420 3894 Hoc
453 3846 740 3894 ratiocinium
776 3861 909 3909 quam
945 3845 1196 3908 legitimum
1231 3851 1278 3891 et
1305 3844 1483 3908 justum
1516 3846 1594 3903 sit,
1630 3861 1767 3893 nemo
1801 3861 1908 3892 sane
1943 3853 2013 3892 est
2046 3847 2123 3908 qui
2161 3844 2230 3890 vel
2266 3843 2492 3890 tantillum
2528 3842 2719 3890 Geome-

18 3941 149 3989 θήκῃ·
186 3936 417 3998 libaverit,
459 3941 533 3989 cui
574 3947 664 3988 non
707 3941 859 3988 statim
892 3940 1167 3988 innotescat.
1234 3938 1343 3995 Quis
1379 3941 1503 3986 enim
1537 3954 1627 3987 non
1665 3939 1788 3987 videt
1823 3940 1989 3987 bonum
2028 3941 2172 3985 virum
2209 3937 2369 4000 duplex
2403 3936 2718 3999 rectangulum
