2950 4276
855 1319 1289 1382 meditatio
1325 1320 1427 1383 de
1464 1319 1960 1384 formatione
1995 1337 2311 1387 vocum.
2465 1363 2475 1374 ,
2828 1291 2890 1385 J

366 1789 495 1843 Saepe
531 1792 572 1828 et
602 1787 775 1827 multum
805 1786 847 1827 id
877 1798 1039 1826 mecum
1076 1784 1366 1839 cogitaveram,
1406 1799 1512 1839 quae
1544 1786 1597 1827 sit
1632 1786 1736 1827 ratio
1771 1791 1852 1827 tam
1889 1787 2146 1829 diversorum
2181 1801 2412 1843 eorumque
2447 1789 2534 1831 fere
2570 1790 2879 1834 innumerabi

223 1889 435 1923 sonorum,
480 1887 583 1928 quos
616 1871 803 1913 homines
847 1873 971 1913 edere
1009 1870 1165 1919 valent,
1210 1871 1263 1911 ad
1302 1870 1463 1912 animae
1491 1884 1608 1915 suae
1640 1871 1814 1926 cogitata
1857 1873 1949 1914 aliis
1992 1873 2286 1928 patefacienda.
2345 1874 2555 1929 Ejusmodi
2598 1876 2706 1917 enim
2748 1882 2808 1918 est
2867 1885 2873 1888 ⁴

224 1962 421 2009 humana,
458 1964 503 2000 ut
531 1958 648 1999 nullo
677 1957 944 1998 instrumento
975 1969 1065 1997 eam
1095 1955 1244 1997 imitari
1275 1957 1447 2011 ejusque
1483 1957 1666 1997 diversas
1703 1957 1946 1999 inflexiones
1981 1959 2213 2013 exprimere
2247 1958 2426 2012 artifices
2462 1960 2678 2015 hucusque
2715 1967 2833 2017 potu·
2870 1935 2894 1974 Ἰ

225 2046 341 2097 Quae
370 2043 530 2100 organis
557 2042 824 2098 pneumaticis
845 2042 1089 2083 inseruntur
1118 2042 1386 2082 instrumenta
1415 2041 1636 2083 humanam
1672 2056 1814 2084 vocem
1845 2043 2096 2093 mentientia,
2128 2057 2178 2085 ea
2207 2058 2287 2085 non
2317 2045 2485 2099 quidem
2515 2046 2644 2100 ipsam
2665 2059 2826 2098 vocem,
2866 2047 2871 2053 '

223 2137 385 2174 cantum
414 2129 644 2178 hominum,
675 2142 821 2169 sonum
856 2128 1059 2181 quendam
1088 2127 1318 2181 simplicem
1350 2132 1669 2182 repraesentant.
1728 2127 1872 2182 Neque
1902 2128 2048 2171 iisdem
2078 2130 2360 2172 instrumentis
2379 2131 2515 2172 varios
2543 2131 2740 2174 exhibent
2757 2146 2799 2173 v·
2820 2156 2833 2169 ν

225 2219 276 2260 de
305 2215 621 2259 consonantibus
650 2213 751 2254 nihil
783 2213 977 2263 dixerim,
1008 2226 1242 2267 quanquam
1273 2212 1394 2254 facile
1426 2214 1479 2254 sit
1508 2214 1723 2268 percipere
1750 2214 1855 2256 alios
1882 2228 2006 2257 sonos
2034 2216 2087 2257 ad
2112 2215 2240 2257 alium
2270 2211 2688 2258 inclinare'vocalem.
2738 2211 2805 2266 Ut,
2836 2236 2854 2251 ν

222 2303 427 2345 acutiores
455 2301 583 2341 edunt
612 2313 754 2348 sonos,
783 2299 1005 2353 praecipue
1035 2300 1087 2340 ad
1117 2312 1160 2339 ao
1190 2298 1261 2339 lat.
1297 2298 1363 2339 vel
1402 2312 1448 2340 αι
1483 2312 1616 2354 graec.
1647 2299 1862 2348 inclinant;
1899 2301 2109 2355 graviores
2126 2292 2237 2343 ‘vero
2266 2302 2319 2343 ad
2354 2315 2377 2343 ο
2407 2276 2474 2343 vel
2503 2303 2641 2357 potius
2669 2317 2698 2345 u
2725 2303 2779 2346 ob
2809 2323 2825 2338 ν-

224 2390 336 2432 Haec
366 2387 467 2430 mihi
496 2385 727 2427 observanti
757 2384 799 2426 in
827 2390 1006 2425 mentem
1036 2384 1165 2433 venit,
1202 2397 1252 2425 an
1290 2384 1367 2425 ista
1401 2384 1670 2426 instrumenta
1706 2399 1788 2427 non
1821 2385 1878 2427 ita
1907 2387 2042 2440 parari
2077 2393 2261 2441 possent,
2299 2393 2344 2429 ut
2382 2401 2716 2443 unumquemque
2746 2394 2870 2430 w&

222 2475 348 2516 edere
378 2477 552 2527 queant?
586 2471 634 2512 ld
670 2471 783 2525 quod
818 2469 1030 2511 observavi
1065 2483 1090 2511 a
1123 2458 1257 2524 figura
1291 2470 1381 2511 tubi
1417 2471 1673 2524 dependere,
1717 2472 1865 2512 eodem
1899 2472 2040 2521 modo,
2086 2486 2169 2526 quo
2198 2472 2311 2514 varia
2346 2473 2613 2515 conformatio
2649 2474 2732 2516 oris
2771 2491 2804 2511 n·
2842 2490 2857 2501 ³
2909 2516 2915 2534 ἶ

222 2575 345 2604 causa
374 2560 581 2602 variorum
610 2558 831 2600 vocalium.
889 2556 1004 2606 Quae
1040 2557 1308 2598 conformatio
1342 2557 1378 2598 si
1408 2551 1571 2611 cognita
1604 2557 1676 2606 sit,
1713 2559 1865 2612 poterit
1898 2559 1994 2600 inde
2030 2558 2160 2613 figura
2195 2559 2304 2618 tubi,
2342 2565 2386 2600 ut
2426 2561 2564 2601 datum
2603 2560 2697 2601 edat
2731 2572 2772 2600 v
2793 2581 2832 2595 2.
2860 2550 2873 2591 ,’

223 2645 501 2689 determinari.
560 2644 840 2686 observemus
875 2656 994 2697 ergo,
1041 2656 1144 2696 quos
1183 2648 1318 2684 motus
1352 2642 1567 2691 faciamus,
1613 2656 1718 2698 quae
1754 2643 1809 2685 sit
1842 2643 1976 2699 figura
2008 2645 2110 2694 oris,
2155 2657 2259 2699 quae
2295 2644 2427 2686 forma
2463 2645 2684 2695 labiorum,
2725 2645 2796 2700 qui

223 2733 387 2788 linguae
417 2737 458 2774 et
491 2743 597 2784 quae
629 2729 808 2770 conditio
837 2728 1036 2777 faucium,
1070 2729 1234 2782 quando
1266 2729 1452 2769 diversos
1482 2728 1691 2770 efferimus
1716 2728 1894 2770 vocales.

361 2831 406 2871 In
436 2831 541 2872 hanc
571 2843 658 2871 rem
686 2829 825 2870 intenti
863 2828 1213 2882 deprehendimus
1250 2829 1351 2869 duas
1388 2824 1592 2882 vocalium
1628 2828 1799 2877 classes,
1837 2842 1959 2870 unam
1993 2829 2264 2878 crassiorum,
2302 2830 2472 2872 alteram
2508 2831 2792 2885 graciliorum,
2839 2834 2859 2863 Γ

222 2918 327 2959 inter
357 2917 524 2971 quidem
552 2915 732 2956 infinitae
761 2893 1155 2963 intermediaffiseu
1183 2914 1335 2968 gradus
1366 2927 1417 2954 ex
1447 2913 1523 2955 hac
1553 2915 1606 2955 ad
1632 2914 1804 2955 alteram
1826 2915 2018 2956 existunt.
2063 2914 2151 2956 Hae
2174 2916 2280 2956 duae
2300 2922 2436 2957 autem
2455 2923 2551 2958 sunt
2572 2917 2687 2971 quasi
2708 2921 2811 2958 extr
2851 2911 2857 2921 .>
2898 2921 2902 2966 ,’
2929 2959 2931 2983 4

221 3002 447 3044 Discrimen
483 3001 698 3043 essentiale
736 3001 842 3041 inter
877 3000 951 3041 has
987 2999 1140 3040 classes
1177 3005 1239 3041 est
1275 2999 1542 3040 conformatio
1578 3000 1661 3040 oris
1698 3001 1748 3041 ad
1785 3001 1944 3049 fauces,
1981 3014 2057 3042 seu
2092 3000 2221 3042 forma
2259 3000 2450 3043 faucium
2511 3001 2694 3043 Graciles
2726 3015 2755 3056 p
2786 3020 2818 3037 ··

221 3088 328 3137 soni,
358 3088 395 3128 si
422 3087 564 3128 fauces
591 3086 909 3134 contrahuntur,
945 3091 986 3126 et
1015 3085 1070 3126 ita
1098 3083 1252 3126 cavitas
1281 3084 1365 3125 oris
1394 3098 1538 3126 versus
1568 3085 1709 3126 fauces
1739 3099 1994 3140 convergens
2025 3086 2224 3127 redditur.
2287 3086 2355 3127 Sin
2390 3093 2527 3128 autem
2562 3086 2616 3127 ibi
2655 3099 2702 3128 os
2738 3085 2837 3128 dila

224 3173 505 3221 remittuntur,
534 3172 700 3213 vocales
735 3171 926 3212 oriuntur
962 3171 1197 3212 crassiores.
1256 3170 1437 3224 Utraque
1473 3170 1615 3211 classis
1649 3170 1816 3212 infinitis
1851 3171 1983 3212 modis
2021 3171 2231 3213 distinctos
2266 3185 2389 3212 sonos
2422 3171 2702 3226 suppeditabit
2735 3179 2842 3226 pro

222 3264 347 3313 atque
383 3258 467 3299 oris
502 3257 718 3298 anterioris
751 3256 1086 3297 conformatione.
1147 3255 1373 3309 Praecipue
1410 3254 1543 3296 tamen
1581 3256 1754 3309 quaevis
1792 3262 1876 3297 tres
1911 3257 2090 3297 continet
2129 3257 2292 3298 vocales
2328 3256 2564 3311 primarios,
2600 3269 2678 3311 pro
2712 3262 2811 3299 ant

223 3344 306 3385 oris
342 3342 516 3384 maxima
551 3342 806 3390 dilatatione,
851 3340 1318 3382 maximaxrestrictione
1355 3345 1396 3381 et
1429 3345 1538 3382 statu
1575 3341 1745 3401 medio„
1783 3341 1847 3382 Ad
1879 3341 2072 3395 primam,
2119 3355 2243 3396 quam
2277 3341 2539 3396 gracilior-um
2576 3354 2724 3396 ponam
2753 3354 2775 3382 c
2824 3340 2841 3390 J
2885 3345 2917 3397 ζ1

224 3430 334 3483 quod
361 3429 520 3475 attinet,
550 3428 586 3468 si
614 3427 671 3468 ibi
701 3404 882 3468 anterior
909 3427 992 3467 oris
1019 3426 1172 3468 cavitas
1203 3425 1418 3474 dilatatur,
1447 3425 1605 3466 orietur
1634 3425 1790 3467 vocalis
1818 3440 1880 3473 ac,
1911 3426 1981 3480 qui
2014 3427 2137 3482 vulgo
2166 3427 2342 3481 pessime
2373 3441 2449 3481 pro
2479 3427 2702 3481 diphtongo
2737 3426 2806 3468 ba
2832 3454 2846 3484 χ,
2885 3399 2890 3436 ¹

223 3514 440 3564 Quomodo
467 3518 603 3554 autem
641 3525 709 3554 res
739 3525 786 3554 se
815 3512 965 3553 habeat
999 3525 1094 3552 cum
1125 3511 1378 3565 diphtongis,
1418 3521 1469 3555 ex
1504 3511 1775 3565 sequentibus
1809 3511 2066 3566 intelligitur.
2129 3512 2342 3554 Germanis
2374 3513 2449 3552 iste
2490 3511 2641 3552 vocalis
2674 3511 2716 3552 in
2761 3532 2779 3546 ··
2809 3512 2812 3513 ’
2878 3507 2911 3587 3s¹

224 3605 286 3641 est
314 3612 392 3640 usu
419 3598 499 3640 sub
527 3598 642 3652 signo
670 3611 708 3647 c,
745 3598 787 3639 in
816 3596 1168 3638 terminationibus
1195 3596 1414 3637 verborum
1444 3596 1665 3650 praecipue
1695 3602 1740 3636 ut
1770 3598 1939 3645 werden,
1971 3597 2097 3644 leben,
2134 3602 2175 3638 et
2210 3597 2289 3638 hoc
2325 3598 2447 3638 modo
2484 3596 2602 3637 litera
2630 3609 2649 3636 e
2677 3594 2823 3650 pleru
2825 3591 2950 3691 i
2907 3634 2910 3663 ι

2823 3720 2883 3839 ξ
2904 3726 2907 3754 Ι

224 3854 308 3896 oris
342 3854 383 3894 in
417 3858 566 3895 statum
598 3853 887 3894 intermedium
920 3852 1205 3902 constituatur,
1250 3851 1470 3893 habebitur
1506 3852 1662 3893 vocalis
1698 3866 1717 3893 c
1752 3855 2025 3902 masculinum,
2064 3858 2110 3894 ut
2153 3853 2195 3893 in
2233 3853 2477 3908 germanicis
2514 3854 2655 3902 aelam,
2695 3805 2904 3942 9⁶12de

2897 3947 2899 3958 ι

2896 3977 2899 3989 ι

2817 4087 2823 4094 .
2893 3993 2898 4092 1

2823 4111 2830 4118 Ἰ
2892 4122 2894 4130 r
2920 4123 2922 4130 ι

2766 4147 2771 4154 ,
2891 4135 2893 4139 Α

224 3685 412 3732 effertur,
440 3689 692 3737 vocaturque
722 3696 741 3723 c
771 3684 1005 3736 femininum.
1065 3681 1107 3722 Si
1135 3681 1317 3722 anterior
1345 3681 1428 3722 oris
1456 3681 1609 3722 cavitas
1637 3695 1716 3736 ope
1746 3681 1929 3736 linguae,
1958 3687 2152 3736 quantum
2183 3681 2274 3723 fieri
2303 3687 2455 3744 potest,
2495 3681 2766 3730 contrahitur,

225 3769 319 3811 hinc
348 3775 464 3810 ortus
493 3767 571 3809 erit
597 3769 631 3816 i,
669 3767 861 3809 vocalis
849 3781 968 3821 isque
997 3773 1159 3815 acutus,
1195 3767 1541 3820 quemadmodum
1570 3768 1814 3808 enunciatur
1845 3767 1888 3808 in
1923 3767 2166 3822 germanicis
2203 3767 2342 3808 verbis
2377 3768 2455 3815 ich,
2486 3766 2640 3808 Mathis.
2698 3766 2739 3807 Si

227 3939 326 3981 Sunt
354 3951 451 3993 ergo
480 3944 566 3980 tres
593 3919 839 3993 principales
868 3938 1025 3992 primae
1054 3938 1197 3979 elassis
1227 3937 1391 3978 vocales
1419 3937 1480 3978 hi.
1515 3939 1551 3991 1)
1581 3950 1600 3977 e
1630 3937 1888 3986 femininum,
1920 3937 1960 3991 2)
1987 3951 2007 3978 ο
2035 3937 2305 3980 masculinum
2337 3942 2379 3979 et
2406 3939 2447 3990 3)
2476 3939 2495 3978 i
2519 3943 2699 3979 acutum.
