2950 4276
679 231 747 282 De
785 238 908 281 motu
944 246 1200 300 corporum
1239 228 1371 280 circa
1402 235 1627 298 punctum
1661 226 1812 298 fimum
1849 226 2103 278 mobilium.
2670 226 2738 279 147

187 379 264 424 16.
318 376 386 424 Εο
435 389 547 439 ergo
586 375 793 437 regulam
828 371 1105 430 facillimam,
1159 373 1293 435 cujus
1334 388 1418 435 ope
1462 375 1619 435 quovis
1661 388 1768 419 casu
1811 374 1981 435 pressio
2021 373 2222 435 corporis
2256 372 2300 417 in
2334 368 2531 424 fulcrum
2565 367 2740 418 definiri

51 477 223 535 potest,
279 485 420 532 eaque
459 476 550 515 tam
594 469 683 515 late
725 475 874 532 patet,
925 475 977 515 ut
1014 482 1104 513 non
1149 468 1292 513 solum
1335 466 1390 512 ad
1431 468 1578 512 omnia
1620 474 1826 514 motuum
1861 482 1952 513 000
1988 467 2229 513 liberorum
2264 480 2432 528 genera
2465 464 2744 521 extendatur,

53 564 133 612 sed
171 546 306 610 etiam
346 562 403 609 ad
444 565 591 610 omnia
634 576 873 624 corporum
915 575 1101 621 genera,
1151 561 1244 606 sive
1279 561 1369 604 sint
1401 544 1570 615 solida,
1615 562 1710 619 sive
1751 556 1914 617 fluida,
1966 559 2123 606 eodem
2163 575 2376 607 successu
2408 558 2741 629 accommodari

51 659 207 722 possit.
273 655 524 703 Reducitur
563 671 676 718 ergo
708 671 799 702 000
833 655 976 701 3011101
1009 653 1123 700 haec
1155 651 1212 699 de
1245 654 1471 714 pressione
1507 667 1748 714 corporum
1783 655 1828 698 in
1862 650 2007 700 fulcra
2043 669 2122 700 seu
2147 654 2452 700 sustentacula
2478 649 2744 699 difficillima

52 751 274 814 quaestio,
310 749 392 797 sed
426 752 561 797 etiam
594 752 692 812 ipsa
725 756 872 796 motus
905 749 1106 796 omnium
1142 761 1380 808 corporum
1415 745 1730 842 detes'minatio
1756 745 1813 792 ad
1838 761 1992 808 puram
2020 750 2325 808 quaestionem
2352 750 2572 802 staticam,
2608 763 2745 810 prop-

52 852 171 892 terea
210 843 331 905 quod
374 844 445 890 vel
479 843 792 905 aequilibrium
826 844 946 888 inter
979 843 1115 893 vires,
1168 841 1239 886 vel
1273 839 1597 901 aequivalentia
1632 841 1790 886 virium
1825 841 2088 901 exquiritur.
2157 841 2246 902 Pro¹
2276 849 2402 887 motu
2437 841 2610 888 scilicet
2642 844 2739 904 ipso

54 934 313 986 definiendo
346 937 654 1000 aequilibrium
689 935 845 983 adesse
882 935 1016 982 debet
1051 937 1170 980 inter
1201 935 1319 980 vires
1352 940 1460 980 actu
1496 933 1791 980 sollicitantes
1827 934 1888 990 P,
1926 940 1971 978 et
2005 935 2122 980 inter
2155 936 2272 980 vires
2307 934 2364 980 ad
2398 941 2566 981 motum
2594 937 2744 997 requi-

9 1035 11 1038 ’
51 1033 157 1080 sitas
207 1033 412 1094 negative
463 1038 654 1087 31110133,
705 1025 793 1077 hoc
842 1036 911 1076 est
952 1031 1068 1075 inter
1107 1030 1222 1075 vires
1256 1029 1299 1074 P
1334 1035 1378 1074 et
1410 1026 1557 1084 —Q,
1609 1027 1734 1090 quod
1777 1027 1960 1090 quidem
2000 1028 2313 1089 aequilibrium
2348 1044 2399 1075 ex
2433 1029 2744 1075 immobilitate

51 1123 185 1173 fulcri
220 1125 477 1172 deducitur:
528 1131 642 1182 tum,
667 1139 774 1171 vero
809 1125 1084 1185 cogitatione
1118 1129 1293 1169 remota
1328 1119 1461 1168 fulcri
1499 1121 1831 1178 immobilitate,
1869 1118 2121 1168 differentia
2156 1122 2332 1168 illarum
2369 1123 2528 1168 virium
2565 1123 2685 1166 P—
2708 1120 2748 1179 Q

7 1234 9 1281 ζ
53 1219 237 1283 praebet
271 1221 360 1265 vim
392 1234 418 1265 a
451 1216 601 1265 fulcro
636 1224 899 1265 sustentam.

149 1331 154 1334 ⁴
186 1315 261 1360 17.
298 1312 501 1375 Apparet
534 1327 644 1375 ergo
678 1309 876 1358 fulcrum
912 1318 1095 1358 eatenus
1128 1317 1305 1357 tantum
1342 1311 1506 1372 premi,
1541 1316 1766 1371 quatenus
1802 1312 1919 1356 vires
1945 1317 2048 1356 actu
2077 1310 2370 1356 sollicitantes
2395 1315 2610 1371 superant
2634 1309 2750 1354 vires

53 1405 110 1454 ad
143 1413 315 1452 motum
352 1408 606 1468 requisitas,
644 1407 707 1451 ita
741 1412 794 1450 ut
828 1407 863 1451 si
898 1406 1035 1451 nullis
1070 1418 1180 1466 opus
1213 1407 1274 1450 sit
1308 1404 1479 1449 viribus
1513 1402 1569 1449 ad
1605 1410 1775 1450 motum
1811 1402 2190 1465 prosequendum,
2228 1401 2423 1450 fulcrum
2449 1417 2607 1450 omnes
2635 1403 2750 1447 vires

6 1485 343 1563 ³‚sollicitantes
377 1501 609 1546 sustineat.
678 1498 843 1546 Contra
886 1514 992 1545 vero
1034 1497 1228 1546 fulcrum
1269 1498 1416 1561 nullas
1450 1498 1579 1559 plane
1616 1499 1734 1543 vires
1766 1473 2022 1554 sustinebit,
2075 1496 2254 1559 quando
2289 1499 2405 1543 vires
2438 1503 2544 1543 actu
2582 1497 2749 1543 sollici-

52 1602 199 1642 tantes
232 1594 400 1641 viribus
441 1595 665 1656 requisitis
701 1595 884 1640 omnino
920 1591 1088 1639 fuerint
1122 1592 1351 1654 aequales,
1393 1607 1482 1653 quo
1517 1607 1623 1637 casu
1660 1598 1809 1637 motus
1844 1593 2045 1652 corporis
2079 1590 2261 1653 perinde
2295 1606 2342 1637 se
2377 1590 2584 1648 habebit,
2626 1605 2678 1636 ac
2713 1592 2750 1636 si

0 1733 5 1764 4
53 1697 173 1737 esset
206 1686 407 1752 perfecte
441 1688 654 1746 liberum,
689 1703 835 1749 neque
871 1688 969 1751 ejus
1003 1695 1153 1734 motus
1188 1687 1282 1734 ullo
1316 1686 1452 1733 modo
1487 1686 1716 1732 limitatus.
1770 1684 1816 1731 Si
1852 1687 1969 1731 enim
2004 1664 2096 1731 axis
2132 1686 2200 1732 vel
2233 1682 2429 1732 fulcrum
2465 1684 2633 1732 nullam
2660 1683 2750 1730 vim

4 1757 6 1791 5
53 1786 260 1841 sustinet,
311 1790 460 1833 motus
502 1782 625 1829 idem
661 1783 842 1829 omnino
885 1783 995 1839 erit,
1046 1797 1099 1828 ac
1142 1783 1178 1827 si
1220 1769 1313 1827 axis
1346 1781 1415 1827 vel
1450 1778 1645 1827 fulcrum
1679 1795 1866 1843 prorsus
1900 1779 2162 1836 tolleretur,
2216 1795 2306 1842 quo
2340 1786 2472 1841 pacto
2507 1794 2672 1842 corpus
2706 1769 2751 1824 10

2 1893 6 1934 j
53 1863 296 1941 perfectam
330 1876 585 1924 libertatem
620 1892 668 1923 se
701 1858 922 1924 movendi?
948 1875 1222 1923 vindicatur.

3 1951 4 1955 Ἰ
187 1973 262 2019 18.
311 1971 584 2033 Principium
623 1963 773 2017 autem
815 1970 1147 2028 mechanicum,
1198 1986 1250 2017 ex
1290 1985 1379 2032 quo
1422 1970 1542 2015 vires
1575 1967 1634 2015 ad
1668 1969 1871 2031 quemvis
1906 1975 2076 2015 motum
2111 1966 2474 2030 prosequendum
2506 1968 2746 2030 requisitae

2 2060 3 2135 ᾗ
52 2065 376 2129 expeditissime
410 2054 586 2111 definiri
622 2060 831 2127 possunt,
868 2067 931 2111 ita
958 2080 1004 2111 se
1030 2064 1185 2110 habet:
1223 2063 1514 2111 Considerate
1544 2062 1663 2125 (Fig.
1689 2063 1797 2123 121)
1824 2064 2022 2125 corporis
2046 2063 2269 2109 elemento
2295 2077 2582 2124 quocunque,
2621 2062 2749 2125 cujus

2 2147 3 2151 Ἰ
53 2175 195 2207 1113333
221 2151 282 2206 311
303 2159 396 2216 dM,
426 2159 576 2205 motus
599 2159 695 2220 ejus
720 2161 780 2205 ita
809 2149 868 2205 sit
894 2166 1192 2220 comparatuS,
1220 2165 1272 2204 ut
1297 2159 1447 2220 elapso
1474 2165 1676 2218 tempore
1693 2165 1798 2214 εἰ,
1826 2157 1871 2203 1(1
1898 2157 2167 2203 elementum
2195 2157 2447 2218 pervenerit
2472 2157 2516 2201 in
2546 2155 2596 2211 Z,
2623 2156 2751 2218 cujus

0 2243 3 2271 ‘¹
53 2255 143 2302 loci
176 2255 291 2300 situs
326 2267 407 2314 per
438 2259 593 2298 ternas
627 2251 934 2309 coordinatas,
969 2254 1016 2298 in
1051 2250 1166 2303 datis
1202 2251 1541 2298 directionibus
1566 2247 1666 2297 fixis
1700 2258 1920 2297 assumtas
1955 2249 2124 2297 AX:
2145 2266 2203 2302 ac,
2241 2250 2451 2307 XY=y
2485 2257 2530 2295 et
2564 2249 2749 2297 YZ=z

0 2378 10 2419 ¹.
54 2344 316 2403 definiatur,
370 2348 428 2392 ita
470 2353 521 2392 ut
560 2346 645 2392 hae
685 2348 958 2407 quantitates
998 2362 1054 2402 oe,
1090 2361 1146 2404 y,
1193 2362 1216 2391 z
1258 2352 1471 2408 tanquam
1512 2342 1771 2391 functiones
1810 2345 2025 2406 temporis
2071 2345 2265 2405 spectari
2314 2345 2506 2403 possint,
2560 2357 2745 2404 quarum

53 2439 427 2490 differentialibus
460 2440 548 2496 dm,
584 2440 660 2498 ἀγ·
682 2447 730 2486 01
766 2440 843 2495 dz,
878 2440 936 2486 ad
972 2441 1242 2486 elementum
1278 2440 1575 2502 temporis'dt
1600 2438 1766 2494 1013113,
1804 2452 1937 2484 verus
1962 2437 2208 2499 particulae
2236 2435 2276 2482 Z
2299 2443 2449 2483 motus
2476 2437 2746 2483 continetur.

55 2535 216 2583 Sumto
259 2535 353 2598 jam
396 2531 682 2582 differentiali
722 2535 940 2595 temporis
981 2534 1032 2579 dt
1074 2540 1329 2590 constante,
1382 2532 1440 2579 ad
1480 2541 1651 2579 motum
1693 2533 1902 2578 elementi
1945 2530 2168 2578 Z=dM
2201 2529 2564 2592 prosequendum
2604 2530 2747 2575 tribus

57 2644 168 2693 opus
199 2636 270 2676 est
300 2629 468 2676 viribus
500 2628 782 2684 motricibus‚
817 2626 1068 2674 secundum
1103 2626 1391 2686 directiones,
1426 2627 1515 2674 illis
1550 2626 1828 2674 coordinatis
1862 2625 2096 2687 parallelas
2121 2622 2230 2680 AX,
2270 2623 2364 2670 XY
2381 2630 2427 2669 et
2459 2623 2545 2682 YZ,
2579 2624 2747 2670 sollici-

54 2723 274 2780 tantibus,
311 2737 424 2785 quae
459 2724 548 2770 sint
586 2721 669 2784 Zp,
709 2722 778 2784 Zq
812 2730 857 2768 et
893 2721 979 2774 Zr,
1014 2728 1238 2784 eruntque
1274 2721 1358 2767 hae
1393 2724 1529 2768 vires:
2182 2699 2186 2702 ⁴

625 2826 658 2873 1.
710 2825 791 2872 Vis
829 2825 1076 2872 secundum
1116 2825 1180 2887 Zp
1221 2827 1303 2888 ipsi
1338 2823 1436 2872 AX
1471 2813 1679 2887 parallcle
1707 2791 1884 2886 urgens
1918 2797 2181 2898 :QdZZdoe.

606 2954 661 3002 ll.
704 2954 786 3002 Vis
825 2954 1074 3003 secundum
1110 2955 1179 3016 Zq
1217 2956 1300 3017 ipsi
1338 2955 1384 3001 X
1390 2955 1430 3002 Y
1465 2953 1675 3018 parallele
1718 2967 1884 3015 urgens
1918 2927 2181 3027 :2dessng

595 3083 675 3132 111.
710 3083 790 3131 Vis
825 3083 1074 3130 secundum
1118 3083 1186 3131 Zr
1228 3084 1311 3145 ipsi
1355 3082 1431 3130 YZ
1467 3081 1676 3143 parallele
1718 3095 1886 3142 urgens
1920 3056 2170 3155 Ξὲαέῗάτ·

57 3190 335 3239 Directiones
372 3196 522 3237 autem
563 3188 725 3235 harum
767 3195 999 3234 ternarum
1040 3189 1199 3233 virium
1235 3188 1299 3233 ita
1334 3193 1439 3233 sunt
1470 3183 1813 3248 concipiendae,
1866 3187 1932 3231 uti
1967 3187 2013 3231 10
2048 3181 2194 3247 figura
2228 3193 2637 3247 repraesentantur,
2689 3190 2747 3233 ita

57 3291 110 3333 ut
136 3284 325 3333 tendant
357 3284 414 3332 ad
449 3285 650 3347 singulas
690 3282 973 3331 coordinatas
1013 3297 1070 3338 az,
1107 3297 1142 3340 y
1184 3287 1232 3327 et
1271 3296 1298 3326 z
1338 3279 1590 3342 augendas,
1640 3278 1862 3341 siquidem
1905 3281 2021 3325 vires
2063 3279 2284 3341 prodeant
2322 3275 2640 3335 affirmativam
2683 3283 2749 3326 sin

57 3386 204 3428 auten
236 3381 329 3427 siut
362 3381 618 3441 negativae,
663 3377 934 3424 directiones
972 3377 1018 3422 10
1053 3377 1325 3422 contrarium
1361 3381 1468 3420 sunt
1502 3373 1756 3420 mutandae.

194 3475 265 3522 ¹9.
318 3473 446 3529 Quod
480 3473 536 3520 ad
570 3473 790 3518 binarium
825 3472 1007 3526 attinet,
1044 3485 1135 3531 quo
1169 3469 1254 3515 hae
1290 3467 1510 3516 formulae
1545 3476 1652 3514 sunt
1686 3464 1892 3524 affectae,
1936 3469 1973 3513 is
2007 3483 2031 3513 a
2068 3483 2271 3514 mensura
2307 3466 2624 3523 determinata,
2661 3483 2745 3529 qua

58 3573 230 3629 tempus
273 3582 375 3615 cum
417 3567 600 3629 reliquis
642 3563 971 3628 quantitatibus
1004 3566 1048 3610 10
1084 3564 1461 3625 comparationem
1495 3561 1696 3619 ducitur,
1747 3539 2088 3623 pcndetsquae
2123 3564 2157 3607 si
2194 3562 2275 3607 alia
2311 3568 2601 3617 statueretur,
2645 3564 2744 3622 qui—

59 3674 231 3724 cunque
273 3662 387 3711 alius
426 3675 639 3707 numerus
677 3674 818 3721 aeque
852 3657 1054 3704 adhiberi
1090 3664 1256 3719 posset.
1327 3656 1443 3702 Utor
1474 3663 1626 3701 autem
1660 3655 1734 3701 1110
1770 3671 1821 3701 03
1855 3645 2050 3712 ratione,
2104 3656 2349 3702 secundum
2387 3670 2516 3716 quam
2552 3662 2742 3717 tempus,

58 3766 146 3816 quo
183 3769 318 3816 grave
359 3770 411 3800 ex
449 3753 686 3800 altitudine
723 3766 993 3815 quacunque
1027 3766 1056 3797 a
1091 3750 1227 3796 libere
1269 3749 1517 3806 delabitur,
1571 3764 1651 3811 per
1684 3745 1798 3802 ἳνα
1841 3751 2023 3812 exprimi
2065 3750 2199 3805 solet,
2254 3750 2314 3794 ita
2349 3756 2399 3794 ut
2431 3750 2465 3792 si
2502 3763 2529 3794 a
2564 3747 2745 3795 denotet

57 3845 334 3895 duundinem
378 3849 528 3910 lapsus
569 3862 660 3894 uno
700 3849 877 3893 minuto
919 3842 1119 3892 secundo
1159 3841 1289 3901 facti,
1344 3845 1566 3905 expressio
1608 3845 1821 3905 temporis
1861 3858 2154 3906 quaecunque
2198 3849 2215 3887 t
2247 3856 2325 3902 per
2360 3837 2471 3896 2Va
2515 3841 2655 3889 divisa
2700 3846 2742 3890 in

55 3941 223 3988 minuta
257 3940 453 3989 secunda
489 3947 803 3994 convertatur;
839 3939 928 3986 hoc
963 3954 1072 4000 ergo
1108 3937 1243 3985 modo
1280 3944 1453 3999 tempus
1485 3944 1502 3982 t
1534 3952 1636 3984 cum
1673 3936 2060 3999 magnitudinibus
2094 3951 2147 3991 σε,
2179 3951 2235 3993 γ,
2271 3951 2295 3979 z
2331 3936 2677 3997 comparabitur.
