<?xml version="1.0" encoding="UTF-8"?>
<!DOCTYPE html PUBLIC "-//W3C//DTD XHTML 1.0 Transitional//EN"
    "http://www.w3.org/TR/xhtml1/DTD/xhtml1-transitional.dtd">
<html xmlns="http://www.w3.org/1999/xhtml" xml:lang="en" lang="en">
 <head>
  <title>
</title>
<meta http-equiv="Content-Type" content="text/html;charset=utf-8" />
  <meta name='ocr-system' content='tesseract 3.04.00' />
  <meta name='ocr-capabilities' content='ocr_page ocr_carea ocr_par ocr_line ocrx_word'/>
</head>
<body>
  <div class='ocr_page' id='page_1' title='image "./operapostumamath02euleuoft_0033.png"; bbox 0 0 2950 4276; ppageno 0'>
   <div class='ocr_carea' id='block_1_1' title="bbox 1347 189 2804 249">
    <p class='ocr_par' dir='ltr' id='par_1_1' title="bbox 1347 189 2804 249">
     <span class='ocr_line' id='line_1_1' title="bbox 1347 189 2804 249; baseline 0.003 -5"><span class='ocrx_word' id='word_1_1' title='bbox 1347 189 1544 244; x_wconf 66' lang='lat' dir='ltr'>Stateca.</span> <span class='ocrx_word' id='word_1_2' title='bbox 2740 195 2760 248; x_wconf 88' lang='lat' dir='ltr'>&#39;l</span> <span class='ocrx_word' id='word_1_3' title='bbox 2774 198 2804 249; x_wconf 86' lang='lat'><strong>7</strong></span> 
     </span>
    </p>
   </div>
   <div class='ocr_carea' id='block_1_2' title="bbox 36 330 2805 487">
    <p class='ocr_par' dir='ltr' id='par_1_2' title="bbox 36 330 2805 487">
     <span class='ocr_line' id='line_1_2' title="bbox 112 330 2805 398; baseline 0.003 -20"><span class='ocrx_word' id='word_1_4' title='bbox 112 333 329 393; x_wconf 86' lang='lat' dir='ltr'>potentia,</span> <span class='ocrx_word' id='word_1_5' title='bbox 383 346 496 393; x_wconf 92' lang='lat' dir='ltr'>quae</span> <span class='ocrx_word' id='word_1_6' title='bbox 536 330 732 393; x_wconf 83' lang='lat' dir='ltr'>aequalis</span> <span class='ocrx_word' id='word_1_7' title='bbox 765 337 836 376; x_wconf 88' lang='lat' dir='ltr'>est</span> <span class='ocrx_word' id='word_1_8' title='bbox 868 331 1226 398; x_wconf 10' lang='lat' dir='ltr'>potentiaessCD.</span> <span class='ocrx_word' id='word_1_9' title='bbox 1295 331 1342 378; x_wconf 85' lang='lat' dir='ltr'>Si</span> <span class='ocrx_word' id='word_1_10' title='bbox 1379 347 1485 379; x_wconf 89' lang='lat' dir='ltr'>vero</span> <span class='ocrx_word' id='word_1_11' title='bbox 1519 338 1690 394; x_wconf 92' lang='lat' dir='ltr'>puncto</span> <span class='ocrx_word' id='word_1_12' title='bbox 1725 332 1762 379; x_wconf 89' lang='lat' dir='ltr'><em>C</em></span> <span class='ocrx_word' id='word_1_13' title='bbox 1791 331 1942 396; x_wconf 90' lang='lat' dir='ltr'>plures</span> <span class='ocrx_word' id='word_1_14' title='bbox 1975 334 2200 396; x_wconf 87' lang='lat' dir='ltr'>potentiae</span> <span class='ocrx_word' id='word_1_15' title='bbox 2234 334 2482 397; x_wconf 83' lang='lat' dir='ltr'>applicatae</span> <span class='ocrx_word' id='word_1_16' title='bbox 2516 333 2707 395; x_wconf 84' lang='lat' dir='ltr'>fuerint,</span> <span class='ocrx_word' id='word_1_17' title='bbox 2761 339 2805 386; x_wconf 91' lang='lat' dir='ltr'>id</span> 
     </span>
     <span class='ocr_line' id='line_1_3' title="bbox 36 423 1636 487; baseline 0.001 -16"><span class='ocrx_word' id='word_1_18' title='bbox 36 435 37 482; x_wconf 30' lang='grc' dir='ltr'>ἦ</span> <span class='ocrx_word' id='word_1_19' title='bbox 111 427 333 487; x_wconf 84' lang='lat' dir='ltr'><strong>quiescet,</strong></span> <span class='ocrx_word' id='word_1_20' title='bbox 369 427 405 471; x_wconf 93' lang='lat' dir='ltr'>si</span> <span class='ocrx_word' id='word_1_21' title='bbox 440 424 584 471; x_wconf 91' lang='lat' dir='ltr'>media</span> <span class='ocrx_word' id='word_1_22' title='bbox 619 424 811 471; x_wconf 87' lang='lat' dir='ltr'>directio</span> <span class='ocrx_word' id='word_1_23' title='bbox 845 426 890 470; x_wconf 92' lang='lat' dir='ltr'>in</span> <span class='ocrx_word' id='word_1_24' title='bbox 924 423 1206 471; x_wconf 83' lang='lat' dir='ltr'>obstaculum</span> <span class='ocrx_word' id='word_1_25' title='bbox 1238 423 1374 472; x_wconf 90' lang='lat' dir='ltr'>suerit</span> <span class='ocrx_word' id='word_1_26' title='bbox 1407 427 1636 473; x_wconf 83' lang='lat' dir='ltr'>normalis.</span> 
     </span>
    </p>
   </div>
   <div class='ocr_carea' id='block_1_3' title="bbox 34 543 2805 707">
    <p class='ocr_par' dir='ltr' id='par_1_3' title="bbox 34 543 2805 707">
     <span class='ocr_line' id='line_1_4' title="bbox 241 543 2805 612; baseline 0.003 -22"><span class='ocrx_word' id='word_1_27' title='bbox 241 546 319 591; x_wconf 89' lang='grc'>83.</span> <span class='ocrx_word' id='word_1_28' title='bbox 372 549 594 591; x_wconf 78' lang='lat' dir='ltr'>col-011.</span> <span class='ocrx_word' id='word_1_29' title='bbox 620 553 664 594; x_wconf 87' lang='lat'>1.</span> <span class='ocrx_word' id='word_1_30' title='bbox 716 543 814 605; x_wconf 90' lang='lat' dir='ltr'>Fig.</span> <span class='ocrx_word' id='word_1_31' title='bbox 844 546 919 590; x_wconf 60' lang='lat'>101.</span> <span class='ocrx_word' id='word_1_32' title='bbox 974 543 1022 590; x_wconf 92' lang='lat' dir='ltr'>Si</span> <span class='ocrx_word' id='word_1_33' title='bbox 1059 558 1168 605; x_wconf 85' lang='lat' dir='ltr'>ergo</span> <span class='ocrx_word' id='word_1_34' title='bbox 1202 558 1337 604; x_wconf 84' lang='lat' dir='ltr'>grave</span> <span class='ocrx_word' id='word_1_35' title='bbox 1369 558 1450 590; x_wconf 91' lang='lat' dir='ltr'>seu</span> <span class='ocrx_word' id='word_1_36' title='bbox 1483 544 1656 606; x_wconf 90' lang='lat' dir='ltr'>pondus</span> <span class='ocrx_word' id='word_1_37' title='bbox 1691 546 1728 592; x_wconf 86' lang='lat' dir='ltr'><strong><em>C</em></strong></span> <span class='ocrx_word' id='word_1_38' title='bbox 1758 547 1988 594; x_wconf 82' lang='lat' dir='ltr'>incumbat</span> <span class='ocrx_word' id='word_1_39' title='bbox 2021 544 2153 596; x_wconf 88' lang='lat' dir='ltr'>firmo</span> <span class='ocrx_word' id='word_1_40' title='bbox 2187 548 2423 596; x_wconf 91' lang='lat' dir='ltr'>obstaculo</span> <span class='ocrx_word' id='word_1_41' title='bbox 2457 547 2561 607; x_wconf 83' lang='lat' dir='ltr'>AB,</span> <span class='ocrx_word' id='word_1_42' title='bbox 2602 551 2805 612; x_wconf 84' lang='lat' dir='ltr'>quiescet</span> 
     </span>
     <span class='ocr_line' id='line_1_5' title="bbox 34 625 2171 707; baseline 0.002 -23"><span class='ocrx_word' id='word_1_43' title='bbox 34 625 35 659; x_wconf 57' lang='lat'><em>³</em></span> <span class='ocrx_word' id='word_1_44' title='bbox 109 636 246 696; x_wconf 85' lang='lat' dir='ltr'>illud,</span> <span class='ocrx_word' id='word_1_45' title='bbox 281 646 328 684; x_wconf 87' lang='lat' dir='ltr'>at</span> <span class='ocrx_word' id='word_1_46' title='bbox 361 638 611 701; x_wconf 86' lang='lat' dir='ltr'>subjectum</span> <span class='ocrx_word' id='word_1_47' title='bbox 648 639 932 685; x_wconf 85' lang='lat' dir='ltr'>obstaculum</span> <span class='ocrx_word' id='word_1_48' title='bbox 965 634 1050 684; x_wconf 82' lang='lat' dir='ltr'>AB</span> <span class='ocrx_word' id='word_1_49' title='bbox 1084 644 1259 700; x_wconf 83' lang='lat' dir='ltr'>premet</span> <span class='ocrx_word' id='word_1_50' title='bbox 1293 639 1488 699; x_wconf 86' lang='lat' dir='ltr'>potentia</span> <span class='ocrx_word' id='word_1_51' title='bbox 1524 639 1697 700; x_wconf 84' lang='lat' dir='ltr'>aequali</span> <span class='ocrx_word' id='word_1_52' title='bbox 1731 641 1828 703; x_wconf 91' lang='lat' dir='ltr'>ejus</span> <span class='ocrx_word' id='word_1_53' title='bbox 1863 642 2047 702; x_wconf 84' lang='lat' dir='ltr'>ponderi</span> <span class='ocrx_word' id='word_1_54' title='bbox 2085 642 2171 707; x_wconf 79' lang='lat'>(6).</span> 
     </span>
    </p>
   </div>
   <div class='ocr_carea' id='block_1_4' title="bbox 27 754 2804 1198">
    <p class='ocr_par' dir='ltr' id='par_1_4' title="bbox 27 754 2804 1198">
     <span class='ocr_line' id='line_1_6' title="bbox 240 754 2804 824; baseline 0.002 -21"><span class='ocrx_word' id='word_1_55' title='bbox 240 758 318 804; x_wconf 52' lang='lat'>82.</span> <span class='ocrx_word' id='word_1_56' title='bbox 370 761 589 803; x_wconf 79' lang='lat' dir='ltr'>coron.</span> <span class='ocrx_word' id='word_1_57' title='bbox 629 765 681 805; x_wconf 74' lang='lat'>2.</span> <span class='ocrx_word' id='word_1_58' title='bbox 731 755 830 817; x_wconf 89' lang='lat' dir='ltr'>Fig.</span> <span class='ocrx_word' id='word_1_59' title='bbox 860 758 936 802; x_wconf 65' lang='lat'>42.</span> <span class='ocrx_word' id='word_1_60' title='bbox 988 754 1035 802; x_wconf 90' lang='lat' dir='ltr'>Si</span> <span class='ocrx_word' id='word_1_61' title='bbox 1079 754 1229 802; x_wconf 82' lang='lat' dir='ltr'>autem</span> <span class='ocrx_word' id='word_1_62' title='bbox 1271 762 1440 818; x_wconf 90' lang='lat' dir='ltr'>puncto</span> <span class='ocrx_word' id='word_1_63' title='bbox 1476 756 1512 802; x_wconf 89' lang='lat' dir='ltr'><em>C</em></span> <span class='ocrx_word' id='word_1_64' title='bbox 1542 755 1657 803; x_wconf 91' lang='lat' dir='ltr'>duae</span> <span class='ocrx_word' id='word_1_65' title='bbox 1693 760 1920 819; x_wconf 88' lang='lat' dir='ltr'>potentiae</span> <span class='ocrx_word' id='word_1_66' title='bbox 1954 759 2034 806; x_wconf 89' lang='lat' dir='ltr'>CD</span> <span class='ocrx_word' id='word_1_67' title='bbox 2066 766 2114 805; x_wconf 94' lang='lat' dir='ltr'>et</span> <span class='ocrx_word' id='word_1_68' title='bbox 2149 762 2228 807; x_wconf 90' lang='lat' dir='ltr'>CE</span> <span class='ocrx_word' id='word_1_69' title='bbox 2258 757 2487 824; x_wconf 84' lang='lat' dir='ltr'>oppositae</span> <span class='ocrx_word' id='word_1_70' title='bbox 2521 760 2691 810; x_wconf 82' lang='lat' dir='ltr'>fuerint</span> <span class='ocrx_word' id='word_1_71' title='bbox 2722 777 2804 824; x_wconf 91' lang='lat' dir='ltr'>ap—</span> 
     </span>
     <span class='ocr_line' id='line_1_7' title="bbox 30 847 2804 919; baseline 0.002 -22"><span class='ocrx_word' id='word_1_72' title='bbox 30 850 31 866; x_wconf 61' lang='lat'><em>*</em></span> <span class='ocrx_word' id='word_1_73' title='bbox 108 850 322 912; x_wconf 84' lang='lat' dir='ltr'>plicatae,</span> <span class='ocrx_word' id='word_1_74' title='bbox 358 866 544 912; x_wconf 91' lang='lat' dir='ltr'>quarum</span> <span class='ocrx_word' id='word_1_75' title='bbox 579 857 768 911; x_wconf 90' lang='lat' dir='ltr'>utraque</span> <span class='ocrx_word' id='word_1_76' title='bbox 802 851 849 895; x_wconf 91' lang='lat' dir='ltr'>in</span> <span class='ocrx_word' id='word_1_77' title='bbox 883 847 972 896; x_wconf 81' lang='lat' dir='ltr'>AB</span> <span class='ocrx_word' id='word_1_78' title='bbox 1004 850 1236 907; x_wconf 89' lang='lat' dir='ltr'>normalis,</span> <span class='ocrx_word' id='word_1_79' title='bbox 1275 857 1401 912; x_wconf 90' lang='lat' dir='ltr'>patet</span> <span class='ocrx_word' id='word_1_80' title='bbox 1436 852 1473 898; x_wconf 90' lang='lat' dir='ltr'>si</span> <span class='ocrx_word' id='word_1_81' title='bbox 1512 850 1590 897; x_wconf 89' lang='lat' dir='ltr'>CD</span> <span class='ocrx_word' id='word_1_82' title='bbox 1620 847 1759 897; x_wconf 88' lang='lat' dir='ltr'>fuerit</span> <span class='ocrx_word' id='word_1_83' title='bbox 1794 852 1939 914; x_wconf 88' lang='lat' dir='ltr'>major</span> <span class='ocrx_word' id='word_1_84' title='bbox 1975 854 2072 910; x_wconf 90' lang='lat' dir='ltr'>CE,</span> <span class='ocrx_word' id='word_1_85' title='bbox 2110 861 2328 916; x_wconf 87' lang='lat' dir='ltr'>punctum</span> <span class='ocrx_word' id='word_1_86' title='bbox 2365 857 2401 903; x_wconf 88' lang='lat' dir='ltr'><em>C</em></span> <span class='ocrx_word' id='word_1_87' title='bbox 2427 859 2475 903; x_wconf 89' lang='lat' dir='ltr'>in</span> <span class='ocrx_word' id='word_1_88' title='bbox 2510 859 2660 919; x_wconf 89' lang='lat' dir='ltr'>quiete</span> <span class='ocrx_word' id='word_1_89' title='bbox 2696 872 2804 919; x_wconf 90' lang='lat' dir='ltr'>per-</span> 
     </span>
     <span class='ocr_line' id='line_1_8' title="bbox 108 941 2799 1007; baseline 0.002 -17"><span class='ocrx_word' id='word_1_90' title='bbox 108 959 303 1002; x_wconf 87' lang='lat' dir='ltr'>manere,</span> <span class='ocrx_word' id='word_1_91' title='bbox 356 951 403 990; x_wconf 87' lang='lat' dir='ltr'>et</span> <span class='ocrx_word' id='word_1_92' title='bbox 443 943 721 991; x_wconf 88' lang='lat' dir='ltr'>obstaculum</span> <span class='ocrx_word' id='word_1_93' title='bbox 756 941 844 990; x_wconf 83' lang='lat' dir='ltr'>AB</span> <span class='ocrx_word' id='word_1_94' title='bbox 877 958 1080 1006; x_wconf 88' lang='lat' dir='ltr'>premere</span> <span class='ocrx_word' id='word_1_95' title='bbox 1124 959 1306 991; x_wconf 86' lang='lat' dir='ltr'>excessu</span> <span class='ocrx_word' id='word_1_96' title='bbox 1347 947 1575 1006; x_wconf 90' lang='lat' dir='ltr'>potentiae</span> <span class='ocrx_word' id='word_1_97' title='bbox 1618 945 1695 992; x_wconf 91' lang='lat' dir='ltr'>CD</span> <span class='ocrx_word' id='word_1_98' title='bbox 1735 960 1871 1007; x_wconf 90' lang='lat' dir='ltr'>super</span> <span class='ocrx_word' id='word_1_99' title='bbox 1906 947 2003 1003; x_wconf 87' lang='lat' dir='ltr'>CE,</span> <span class='ocrx_word' id='word_1_100' title='bbox 2055 954 2101 993; x_wconf 89' lang='lat' dir='ltr'>at</span> <span class='ocrx_word' id='word_1_101' title='bbox 2135 949 2171 993; x_wconf 86' lang='lat' dir='ltr'>si</span> <span class='ocrx_word' id='word_1_102' title='bbox 2209 948 2367 995; x_wconf 89' lang='lat' dir='ltr'>CE=</span> <span class='ocrx_word' id='word_1_103' title='bbox 2391 949 2486 1003; x_wconf 90' lang='lat' dir='ltr'>CD,</span> <span class='ocrx_word' id='word_1_104' title='bbox 2536 950 2593 996; x_wconf 94' lang='lat' dir='ltr'>ob</span> <span class='ocrx_word' id='word_1_105' title='bbox 2635 957 2799 996; x_wconf 89' lang='lat' dir='ltr'>statum</span> 
     </span>
     <span class='ocr_line' id='line_1_9' title="bbox 27 1011 2802 1106; baseline 0.001 -21"><span class='ocrx_word' id='word_1_106' title='bbox 27 1011 29 1061; x_wconf 32' lang='grc' dir='ltr'>ἦ</span> <span class='ocrx_word' id='word_1_107' title='bbox 105 1039 355 1100; x_wconf 89' lang='lat' dir='ltr'>aequilibrii</span> <span class='ocrx_word' id='word_1_108' title='bbox 396 1037 520 1101; x_wconf 82' lang='lat'>(19),</span> <span class='ocrx_word' id='word_1_109' title='bbox 574 1038 611 1084; x_wconf 88' lang='lat' dir='ltr'><em>C</em></span> <span class='ocrx_word' id='word_1_110' title='bbox 648 1039 879 1100; x_wconf 89' lang='lat' dir='ltr'>quiescere</span> <span class='ocrx_word' id='word_1_111' title='bbox 923 1045 972 1084; x_wconf 91' lang='lat' dir='ltr'>et</span> <span class='ocrx_word' id='word_1_112' title='bbox 1013 1053 1200 1100; x_wconf 91' lang='lat' dir='ltr'>prorsus</span> <span class='ocrx_word' id='word_1_113' title='bbox 1240 1053 1332 1085; x_wconf 91' lang='lat' dir='ltr'>non</span> <span class='ocrx_word' id='word_1_114' title='bbox 1373 1038 1659 1086; x_wconf 89' lang='lat' dir='ltr'>obstaculum</span> <span class='ocrx_word' id='word_1_115' title='bbox 1695 1038 1781 1086; x_wconf 80' lang='lat' dir='ltr'>AB</span> <span class='ocrx_word' id='word_1_116' title='bbox 1819 1055 2034 1102; x_wconf 87' lang='lat' dir='ltr'>premere.</span> <span class='ocrx_word' id='word_1_117' title='bbox 2105 1040 2184 1087; x_wconf 90' lang='lat' dir='ltr'>Sin</span> <span class='ocrx_word' id='word_1_118' title='bbox 2228 1057 2332 1090; x_wconf 87' lang='lat' dir='ltr'>vero</span> <span class='ocrx_word' id='word_1_119' title='bbox 2374 1042 2453 1089; x_wconf 76' lang='grc' dir='ltr'>ΟΕ</span> <span class='ocrx_word' id='word_1_120' title='bbox 2483 1043 2626 1106; x_wconf 89' lang='lat' dir='ltr'>major</span> <span class='ocrx_word' id='word_1_121' title='bbox 2665 1041 2802 1089; x_wconf 80' lang='lat' dir='ltr'>fuerit</span> 
     </span>
     <span class='ocr_line' id='line_1_10' title="bbox 103 1131 2799 1198; baseline 0.001 -19"><span class='ocrx_word' id='word_1_122' title='bbox 103 1148 236 1195; x_wconf 85' lang='lat' dir='ltr'>quam</span> <span class='ocrx_word' id='word_1_123' title='bbox 272 1132 370 1190; x_wconf 89' lang='lat' dir='ltr'>CD,</span> <span class='ocrx_word' id='word_1_124' title='bbox 405 1141 503 1179; x_wconf 91' lang='lat' dir='ltr'>tum</span> <span class='ocrx_word' id='word_1_125' title='bbox 540 1133 575 1178; x_wconf 89' lang='lat' dir='ltr'><em>C</em></span> <span class='ocrx_word' id='word_1_126' title='bbox 604 1131 797 1194; x_wconf 88' lang='lat' dir='ltr'>amplius</span> <span class='ocrx_word' id='word_1_127' title='bbox 832 1134 1061 1194; x_wconf 89' lang='lat' dir='ltr'>quiescere</span> <span class='ocrx_word' id='word_1_128' title='bbox 1094 1147 1186 1188; x_wconf 85' lang='lat' dir='ltr'>non</span> <span class='ocrx_word' id='word_1_129' title='bbox 1221 1148 1373 1194; x_wconf 92' lang='lat' dir='ltr'>posse,</span> <span class='ocrx_word' id='word_1_130' title='bbox 1408 1132 1489 1180; x_wconf 92' lang='lat' dir='ltr'>sed</span> <span class='ocrx_word' id='word_1_131' title='bbox 1523 1132 1684 1181; x_wconf 81' lang='lat' dir='ltr'>eodem</span> <span class='ocrx_word' id='word_1_132' title='bbox 1719 1133 1855 1181; x_wconf 90' lang='lat' dir='ltr'>modo</span> <span class='ocrx_word' id='word_1_133' title='bbox 1890 1136 1937 1180; x_wconf 90' lang='lat' dir='ltr'>in</span> <span class='ocrx_word' id='word_1_134' title='bbox 1971 1141 2095 1182; x_wconf 88' lang='lat' dir='ltr'>recta</span> <span class='ocrx_word' id='word_1_135' title='bbox 2131 1135 2211 1182; x_wconf 90' lang='lat' dir='ltr'>CE</span> <span class='ocrx_word' id='word_1_136' title='bbox 2241 1134 2506 1198; x_wconf 90' lang='lat' dir='ltr'>procedere,</span> <span class='ocrx_word' id='word_1_137' title='bbox 2550 1151 2602 1183; x_wconf 90' lang='lat' dir='ltr'>ac</span> <span class='ocrx_word' id='word_1_138' title='bbox 2636 1139 2672 1183; x_wconf 90' lang='lat' dir='ltr'>si</span> <span class='ocrx_word' id='word_1_139' title='bbox 2708 1134 2799 1183; x_wconf 84' lang='lat' dir='ltr'>dif-</span> 
     </span>
    </p>
   </div>
   <div class='ocr_carea' id='block_1_5' title="bbox 101 1224 1365 1290">
    <p class='ocr_par' dir='ltr' id='par_1_5' title="bbox 101 1224 1365 1290">
     <span class='ocr_line' id='line_1_11' title="bbox 101 1224 1365 1290; baseline 0.002 -18"><span class='ocrx_word' id='word_1_140' title='bbox 101 1224 290 1274; x_wconf 86' lang='lat' dir='ltr'>ferentia</span> <span class='ocrx_word' id='word_1_141' title='bbox 323 1229 627 1290; x_wconf 88' lang='lat' dir='ltr'>potentiarum</span> <span class='ocrx_word' id='word_1_142' title='bbox 663 1227 822 1273; x_wconf 90' lang='lat' dir='ltr'>CE—</span> <span class='ocrx_word' id='word_1_143' title='bbox 841 1226 918 1273; x_wconf 89' lang='lat' dir='ltr'>CD</span> <span class='ocrx_word' id='word_1_144' title='bbox 952 1227 1059 1274; x_wconf 89' lang='lat' dir='ltr'>illuc</span> <span class='ocrx_word' id='word_1_145' title='bbox 1092 1227 1365 1275; x_wconf 88' lang='lat' dir='ltr'>traheretur.</span> 
     </span>
    </p>
   </div>
   <div class='ocr_carea' id='block_1_6' title="bbox 233 1345 2796 1413">
    <p class='ocr_par' dir='ltr' id='par_1_6' title="bbox 233 1345 2796 1413">
     <span class='ocr_line' id='line_1_12' title="bbox 233 1345 2796 1413; baseline 0.002 -22"><span class='ocrx_word' id='word_1_146' title='bbox 233 1346 311 1392; x_wconf 85' lang='lat'>85.</span> <span class='ocrx_word' id='word_1_147' title='bbox 363 1351 582 1392; x_wconf 76' lang='lat' dir='ltr'>col-011.</span> <span class='ocrx_word' id='word_1_148' title='bbox 614 1355 667 1396; x_wconf 80' lang='lat'>3.</span> <span class='ocrx_word' id='word_1_149' title='bbox 723 1345 820 1408; x_wconf 87' lang='lat' dir='ltr'>Fig.</span> <span class='ocrx_word' id='word_1_150' title='bbox 860 1349 938 1393; x_wconf 68' lang='grc'><strong>113.</strong></span> <span class='ocrx_word' id='word_1_151' title='bbox 1008 1346 1055 1393; x_wconf 90' lang='lat' dir='ltr'>Si</span> <span class='ocrx_word' id='word_1_152' title='bbox 1095 1361 1204 1408; x_wconf 87' lang='lat' dir='ltr'>ergo</span> <span class='ocrx_word' id='word_1_153' title='bbox 1244 1354 1421 1410; x_wconf 89' lang='lat' dir='ltr'>puncto</span> <span class='ocrx_word' id='word_1_154' title='bbox 1462 1347 1498 1394; x_wconf 91' lang='lat' dir='ltr'><em>C</em></span> <span class='ocrx_word' id='word_1_155' title='bbox 1535 1349 1734 1409; x_wconf 89' lang='lat' dir='ltr'>potentia</span> <span class='ocrx_word' id='word_1_156' title='bbox 1779 1348 1876 1401; x_wconf 91' lang='lat' dir='ltr'>CD‚</span> <span class='ocrx_word' id='word_1_157' title='bbox 1927 1348 2309 1411; x_wconf 89' lang='lat' dir='ltr'>perpendicularis</span> <span class='ocrx_word' id='word_1_158' title='bbox 2349 1352 2393 1396; x_wconf 93' lang='lat' dir='ltr'>in</span> <span class='ocrx_word' id='word_1_159' title='bbox 2433 1357 2696 1413; x_wconf 83' lang='lat' dir='ltr'>tangentem</span> <span class='ocrx_word' id='word_1_160' title='bbox 2738 1351 2796 1396; x_wconf 88' lang='lat' dir='ltr'>ab</span> 
     </span>
    </p>
   </div>
   <div class='ocr_carea' id='block_1_7' title="bbox 20 1438 2803 1509">
    <p class='ocr_par' dir='ltr' id='par_1_7' title="bbox 20 1438 2803 1509">
     <span class='ocr_line' id='line_1_13' title="bbox 20 1438 2803 1509; baseline 0.001 -22"><span class='ocrx_word' id='word_1_161' title='bbox 20 1444 22 1456; x_wconf 91' lang='lat'>&#39;</span> <span class='ocrx_word' id='word_1_162' title='bbox 101 1439 320 1487; x_wconf 87' lang='lat' dir='ltr'>obstaculi</span> <span class='ocrx_word' id='word_1_163' title='bbox 356 1442 592 1487; x_wconf 89' lang='lat' dir='ltr'>curvilinei</span> <span class='ocrx_word' id='word_1_164' title='bbox 627 1438 749 1487; x_wconf 83' lang='lat' dir='ltr'>ACB</span> <span class='ocrx_word' id='word_1_165' title='bbox 782 1441 1003 1502; x_wconf 89' lang='lat' dir='ltr'>applicata</span> <span class='ocrx_word' id='word_1_166' title='bbox 1038 1442 1118 1499; x_wconf 92' lang='lat' dir='ltr'>sit,</span> <span class='ocrx_word' id='word_1_167' title='bbox 1170 1457 1242 1487; x_wconf 86' lang='lat' dir='ltr'>me</span> <span class='ocrx_word' id='word_1_168' title='bbox 1277 1457 1370 1488; x_wconf 92' lang='lat' dir='ltr'>non</span> <span class='ocrx_word' id='word_1_169' title='bbox 1404 1449 1616 1489; x_wconf 91' lang='lat' dir='ltr'>monente</span> <span class='ocrx_word' id='word_1_170' title='bbox 1657 1450 1803 1504; x_wconf 90' lang='lat' dir='ltr'>patet,</span> <span class='ocrx_word' id='word_1_171' title='bbox 1839 1442 1998 1489; x_wconf 92' lang='lat' dir='ltr'>eodem</span> <span class='ocrx_word' id='word_1_172' title='bbox 2031 1443 2168 1491; x_wconf 91' lang='lat' dir='ltr'>modo</span> <span class='ocrx_word' id='word_1_173' title='bbox 2203 1444 2240 1490; x_wconf 88' lang='lat' dir='ltr'><em>C</em></span> <span class='ocrx_word' id='word_1_174' title='bbox 2271 1445 2314 1490; x_wconf 89' lang='lat' dir='ltr'>in</span> <span class='ocrx_word' id='word_1_175' title='bbox 2351 1446 2499 1506; x_wconf 88' lang='lat' dir='ltr'>quiete</span> <span class='ocrx_word' id='word_1_176' title='bbox 2535 1459 2803 1509; x_wconf 80' lang='lat' dir='ltr'>permansu-</span> 
     </span>
    </p>
   </div>
   <div class='ocr_carea' id='block_1_8' title="bbox 0 0 50 2442">
    <p class='ocr_par' dir='ltr' id='par_1_8' title="bbox 0 0 50 2442">
     <span class='ocr_line' id='line_1_14' title="bbox 0 0 50 2442; baseline 0 0"><span class='ocrx_word' id='word_1_177' title='bbox 0 0 50 2442; x_wconf 95' lang='lat' dir='ltr'> </span> 
     </span>
    </p>
   </div>
   <div class='ocr_carea' id='block_1_9' title="bbox 91 1533 2601 1599">
    <p class='ocr_par' dir='ltr' id='par_1_9' title="bbox 91 1533 2601 1599">
     <span class='ocr_line' id='line_1_15' title="bbox 91 1533 2601 1599; baseline 0 -17"><span class='ocrx_word' id='word_1_178' title='bbox 91 1549 218 1591; x_wconf 79' lang='lat' dir='ltr'>rum,</span> <span class='ocrx_word' id='word_1_179' title='bbox 252 1549 305 1581; x_wconf 91' lang='lat' dir='ltr'>ac</span> <span class='ocrx_word' id='word_1_180' title='bbox 340 1536 375 1580; x_wconf 89' lang='lat' dir='ltr'>si</span> <span class='ocrx_word' id='word_1_181' title='bbox 411 1534 470 1580; x_wconf 79' lang='lat' dir='ltr'>ab</span> <span class='ocrx_word' id='word_1_182' title='bbox 503 1533 762 1595; x_wconf 87' lang='lat' dir='ltr'>designaret</span> <span class='ocrx_word' id='word_1_183' title='bbox 795 1535 1095 1592; x_wconf 88' lang='lat' dir='ltr'>obstaculum,</span> <span class='ocrx_word' id='word_1_184' title='bbox 1134 1537 1342 1597; x_wconf 91' lang='lat' dir='ltr'>quoniam</span> <span class='ocrx_word' id='word_1_185' title='bbox 1377 1536 1433 1582; x_wconf 84' lang='lat' dir='ltr'>ab</span> <span class='ocrx_word' id='word_1_186' title='bbox 1468 1543 1515 1582; x_wconf 93' lang='lat' dir='ltr'>et</span> <span class='ocrx_word' id='word_1_187' title='bbox 1548 1535 1668 1583; x_wconf 87' lang='lat' dir='ltr'>ACB</span> <span class='ocrx_word' id='word_1_188' title='bbox 1703 1539 1747 1583; x_wconf 94' lang='lat' dir='ltr'>in</span> <span class='ocrx_word' id='word_1_189' title='bbox 1783 1544 1951 1599; x_wconf 90' lang='lat' dir='ltr'>puncto</span> <span class='ocrx_word' id='word_1_190' title='bbox 1986 1545 2221 1584; x_wconf 90' lang='lat' dir='ltr'>contactus</span> <span class='ocrx_word' id='word_1_191' title='bbox 2257 1539 2292 1585; x_wconf 88' lang='lat' dir='ltr'><em>C</em></span> <span class='ocrx_word' id='word_1_192' title='bbox 2321 1537 2601 1585; x_wconf 89' lang='lat' dir='ltr'>coincidunt.</span> 
     </span>
    </p>
   </div>
   <div class='ocr_carea' id='block_1_10' title="bbox 231 1652 2800 1719">
    <p class='ocr_par' dir='ltr' id='par_1_10' title="bbox 231 1652 2800 1719">
     <span class='ocr_line' id='line_1_16' title="bbox 231 1652 2800 1719; baseline 0.001 -19"><span class='ocrx_word' id='word_1_193' title='bbox 231 1656 308 1701; x_wconf 85' lang='grc'>86.</span> <span class='ocrx_word' id='word_1_194' title='bbox 360 1658 658 1700; x_wconf 76' lang='lat' dir='ltr'>Scholion.</span> <span class='ocrx_word' id='word_1_195' title='bbox 707 1654 895 1701; x_wconf 86' lang='lat' dir='ltr'>Veritas</span> <span class='ocrx_word' id='word_1_196' title='bbox 927 1656 1162 1700; x_wconf 84' lang='lat' dir='ltr'>axiomatis</span> <span class='ocrx_word' id='word_1_197' title='bbox 1203 1654 1304 1700; x_wconf 90' lang='lat' dir='ltr'>inde</span> <span class='ocrx_word' id='word_1_198' title='bbox 1347 1661 1490 1716; x_wconf 89' lang='lat' dir='ltr'>patet,</span> <span class='ocrx_word' id='word_1_199' title='bbox 1524 1655 1662 1717; x_wconf 49' lang='lat' dir='ltr'>,quod</span> <span class='ocrx_word' id='word_1_200' title='bbox 1712 1655 1770 1702; x_wconf 92' lang='lat' dir='ltr'>ob</span> <span class='ocrx_word' id='word_1_201' title='bbox 1816 1652 2076 1702; x_wconf 82' lang='lat' dir='ltr'>firmitatem</span> <span class='ocrx_word' id='word_1_202' title='bbox 2119 1658 2344 1704; x_wconf 89' lang='lat' dir='ltr'>obstaculi</span> <span class='ocrx_word' id='word_1_203' title='bbox 2380 1657 2416 1703; x_wconf 84' lang='lat' dir='ltr'><em>C</em></span> <span class='ocrx_word' id='word_1_204' title='bbox 2452 1656 2572 1719; x_wconf 86' lang='lat' dir='ltr'>(Fig.</span> <span class='ocrx_word' id='word_1_205' title='bbox 2610 1656 2691 1719; x_wconf 73' lang='grc'>110)</span> <span class='ocrx_word' id='word_1_206' title='bbox 2729 1656 2800 1702; x_wconf 91' lang='lat' dir='ltr'>di-</span> 
     </span>
    </p>
   </div>
   <div class='ocr_carea' id='block_1_11' title="bbox 99 1748 2676 1813">
    <p class='ocr_par' dir='ltr' id='par_1_11' title="bbox 99 1748 2676 1813">
     <span class='ocr_line' id='line_1_17' title="bbox 99 1748 2676 1813; baseline 0.001 -19"><span class='ocrx_word' id='word_1_207' title='bbox 99 1750 344 1795; x_wconf 90' lang='lat' dir='ltr'>rectionem</span> <span class='ocrx_word' id='word_1_208' title='bbox 382 1748 458 1796; x_wconf 90' lang='lat' dir='ltr'>CD</span> <span class='ocrx_word' id='word_1_209' title='bbox 492 1750 618 1810; x_wconf 84' lang='lat' dir='ltr'>sequi</span> <span class='ocrx_word' id='word_1_210' title='bbox 653 1763 745 1794; x_wconf 93' lang='lat' dir='ltr'>non</span> <span class='ocrx_word' id='word_1_211' title='bbox 778 1750 944 1810; x_wconf 90' lang='lat' dir='ltr'>possit,</span> <span class='ocrx_word' id='word_1_212' title='bbox 979 1756 1028 1794; x_wconf 93' lang='lat' dir='ltr'>et</span> <span class='ocrx_word' id='word_1_213' title='bbox 1061 1748 1184 1795; x_wconf 89' lang='lat' dir='ltr'>nulla</span> <span class='ocrx_word' id='word_1_214' title='bbox 1218 1748 1337 1795; x_wconf 90' lang='lat' dir='ltr'>adsit</span> <span class='ocrx_word' id='word_1_215' title='bbox 1371 1751 1509 1807; x_wconf 89' lang='lat' dir='ltr'>ratio,</span> <span class='ocrx_word' id='word_1_216' title='bbox 1543 1764 1679 1812; x_wconf 89' lang='lat' dir='ltr'>quare</span> <span class='ocrx_word' id='word_1_217' title='bbox 1716 1752 1866 1812; x_wconf 92' lang='lat' dir='ltr'>potius</span> <span class='ocrx_word' id='word_1_218' title='bbox 1901 1766 2056 1797; x_wconf 88' lang='lat' dir='ltr'>versus</span> <span class='ocrx_word' id='word_1_219' title='bbox 2090 1749 2136 1798; x_wconf 83' lang='lat' dir='ltr'><em>A</em></span> <span class='ocrx_word' id='word_1_220' title='bbox 2166 1766 2299 1813; x_wconf 89' lang='lat' dir='ltr'>quam</span> <span class='ocrx_word' id='word_1_221' title='bbox 2336 1752 2374 1802; x_wconf 88' lang='lat' dir='ltr'><em>B</em></span> <span class='ocrx_word' id='word_1_222' title='bbox 2407 1758 2676 1797; x_wconf 91' lang='lat' dir='ltr'>moveretur.</span> 
     </span>
    </p>
   </div>
   <div class='ocr_carea' id='block_1_12' title="bbox 231 1844 2796 1932">
    <p class='ocr_par' dir='ltr' id='par_1_12' title="bbox 231 1844 2796 1932">
     <span class='ocr_line' id='line_1_18' title="bbox 231 1844 2796 1932; baseline 0.001 -19"><span class='ocrx_word' id='word_1_223' title='bbox 231 1868 308 1916; x_wconf 88' lang='lat'>87.</span> <span class='ocrx_word' id='word_1_224' title='bbox 360 1872 675 1913; x_wconf 79' lang='lat' dir='ltr'>Problema</span> <span class='ocrx_word' id='word_1_225' title='bbox 698 1844 779 1916; x_wconf 73' lang='lat' dir='ltr'>lo.</span> <span class='ocrx_word' id='word_1_226' title='bbox 830 1867 931 1929; x_wconf 90' lang='lat' dir='ltr'>Fig.</span> <span class='ocrx_word' id='word_1_227' title='bbox 969 1869 1048 1914; x_wconf 67' lang='lat' dir='ltr'>lili.</span> <span class='ocrx_word' id='word_1_228' title='bbox 1101 1867 1277 1915; x_wconf 91' lang='lat' dir='ltr'>Puncto</span> <span class='ocrx_word' id='word_1_229' title='bbox 1315 1869 1351 1915; x_wconf 96' lang='lat' dir='ltr'><em>O</em></span> <span class='ocrx_word' id='word_1_230' title='bbox 1384 1867 1618 1915; x_wconf 88' lang='lat' dir='ltr'>obstaculo</span> <span class='ocrx_word' id='word_1_231' title='bbox 1651 1865 1740 1914; x_wconf 87' lang='grc' dir='ltr'>ΑΒ</span> <span class='ocrx_word' id='word_1_232' title='bbox 1773 1868 2024 1931; x_wconf 87' lang='lat' dir='ltr'>adjacente,</span> <span class='ocrx_word' id='word_1_233' title='bbox 2060 1871 2191 1932; x_wconf 90' lang='lat' dir='ltr'>eique</span> <span class='ocrx_word' id='word_1_234' title='bbox 2227 1870 2425 1931; x_wconf 87' lang='lat' dir='ltr'>potentia</span> <span class='ocrx_word' id='word_1_235' title='bbox 2461 1868 2536 1915; x_wconf 90' lang='lat' dir='ltr'>OC</span> <span class='ocrx_word' id='word_1_236' title='bbox 2562 1868 2796 1931; x_wconf 89' lang='lat' dir='ltr'>applicata,</span> 
     </span>
    </p>
   </div>
   <div class='ocr_carea' id='block_1_13' title="bbox 96 1961 1962 2025">
    <p class='ocr_par' dir='ltr' id='par_1_13' title="bbox 96 1961 1962 2025">
     <span class='ocr_line' id='line_1_19' title="bbox 96 1961 1962 2025; baseline 0.001 -18"><span class='ocrx_word' id='word_1_237' title='bbox 96 1962 294 2008; x_wconf 89' lang='lat' dir='ltr'>invenire</span> <span class='ocrx_word' id='word_1_238' title='bbox 329 1963 573 2023; x_wconf 87' lang='lat' dir='ltr'>potentiam</span> <span class='ocrx_word' id='word_1_239' title='bbox 609 1962 648 2006; x_wconf 90' lang='lat' dir='ltr'>ei</span> <span class='ocrx_word' id='word_1_240' title='bbox 684 1962 867 2023; x_wconf 89' lang='lat' dir='ltr'>insuper</span> <span class='ocrx_word' id='word_1_241' title='bbox 901 1961 1230 2024; x_wconf 85' lang='lat' dir='ltr'>applicandam,</span> <span class='ocrx_word' id='word_1_242' title='bbox 1265 1969 1320 2009; x_wconf 95' lang='lat' dir='ltr'>ut</span> <span class='ocrx_word' id='word_1_243' title='bbox 1356 1963 1391 2009; x_wconf 96' lang='lat' dir='ltr'><em>O</em></span> <span class='ocrx_word' id='word_1_244' title='bbox 1424 1964 1469 2008; x_wconf 91' lang='lat' dir='ltr'>in</span> <span class='ocrx_word' id='word_1_245' title='bbox 1503 1961 1653 2025; x_wconf 86' lang='lat' dir='ltr'>quiete</span> <span class='ocrx_word' id='word_1_246' title='bbox 1688 1969 1962 2024; x_wconf 90' lang='lat' dir='ltr'>permaneat.</span> 
     </span>
    </p>
   </div>
   <div class='ocr_carea' id='block_1_14' title="bbox 92 2080 2886 2431">
    <p class='ocr_par' dir='ltr' id='par_1_14' title="bbox 92 2080 2886 2431">
     <span class='ocr_line' id='line_1_20' title="bbox 226 2080 2795 2148; baseline -0.001 -18"><span class='ocrx_word' id='word_1_247' title='bbox 226 2088 475 2131; x_wconf 74' lang='lat' dir='ltr'>solutio.</span> <span class='ocrx_word' id='word_1_248' title='bbox 527 2081 732 2126; x_wconf 87' lang='lat' dir='ltr'>Potentia</span> <span class='ocrx_word' id='word_1_249' title='bbox 769 2080 843 2127; x_wconf 91' lang='lat' dir='ltr'>OC</span> <span class='ocrx_word' id='word_1_250' title='bbox 872 2080 1124 2127; x_wconf 88' lang='lat' dir='ltr'>resolvatur</span> <span class='ocrx_word' id='word_1_251' title='bbox 1154 2082 1198 2128; x_wconf 89' lang='lat' dir='ltr'>in</span> <span class='ocrx_word' id='word_1_252' title='bbox 1236 2083 1459 2148; x_wconf 79' lang='lat' dir='ltr'>potentias</span> <span class='ocrx_word' id='word_1_253' title='bbox 1494 2081 1703 2128; x_wconf 89' lang='lat' dir='ltr'>laterales</span> <span class='ocrx_word' id='word_1_254' title='bbox 1740 2082 1839 2139; x_wconf 89' lang='lat' dir='ltr'>OD,</span> <span class='ocrx_word' id='word_1_255' title='bbox 1881 2082 1980 2138; x_wconf 87' lang='lat' dir='ltr'>OE,</span> <span class='ocrx_word' id='word_1_256' title='bbox 2021 2081 2291 2144; x_wconf 85' lang='lat' dir='ltr'>complendo</span> <span class='ocrx_word' id='word_1_257' title='bbox 2332 2082 2795 2144; x_wconf 86' lang='lat' dir='ltr'>parallelogrammum</span> 
     </span>
     <span class='ocr_line' id='line_1_21' title="bbox 92 2166 2794 2238; baseline 0 -17"><span class='ocrx_word' id='word_1_258' title='bbox 92 2166 410 2236; x_wconf 72' lang='lat' dir='ltr'>,rectangulum</span> <span class='ocrx_word' id='word_1_259' title='bbox 452 2174 634 2231; x_wconf 89' lang='lat' dir='ltr'>CDOE,</span> <span class='ocrx_word' id='word_1_260' title='bbox 684 2188 872 2235; x_wconf 91' lang='lat' dir='ltr'>quarum</span> <span class='ocrx_word' id='word_1_261' title='bbox 915 2175 997 2221; x_wconf 87' lang='lat' dir='ltr'>OE</span> <span class='ocrx_word' id='word_1_262' title='bbox 1033 2182 1103 2221; x_wconf 87' lang='lat' dir='ltr'>est</span> <span class='ocrx_word' id='word_1_263' title='bbox 1143 2176 1354 2222; x_wconf 88' lang='lat' dir='ltr'>normalis</span> <span class='ocrx_word' id='word_1_264' title='bbox 1398 2177 1443 2221; x_wconf 89' lang='lat' dir='ltr'>in</span> <span class='ocrx_word' id='word_1_265' title='bbox 1476 2173 1587 2233; x_wconf 81' lang='lat' dir='ltr'>AB,</span> <span class='ocrx_word' id='word_1_266' title='bbox 1640 2176 1781 2222; x_wconf 88' lang='lat' dir='ltr'>altera</span> <span class='ocrx_word' id='word_1_267' title='bbox 1826 2192 1934 2223; x_wconf 91' lang='lat' dir='ltr'>vero</span> <span class='ocrx_word' id='word_1_268' title='bbox 1972 2176 2056 2224; x_wconf 90' lang='lat' dir='ltr'>OD</span> <span class='ocrx_word' id='word_1_269' title='bbox 2087 2178 2183 2238; x_wconf 90' lang='lat' dir='ltr'>agit</span> <span class='ocrx_word' id='word_1_270' title='bbox 2217 2176 2466 2223; x_wconf 91' lang='lat' dir='ltr'>secundum</span> <span class='ocrx_word' id='word_1_271' title='bbox 2501 2176 2794 2222; x_wconf 87' lang='lat' dir='ltr'>directionem</span> 
     </span>
     <span class='ocr_line' id='line_1_22' title="bbox 96 2266 2799 2333; baseline -0 -17"><span class='ocrx_word' id='word_1_272' title='bbox 96 2268 321 2317; x_wconf 89' lang='lat' dir='ltr'>obstaculi</span> <span class='ocrx_word' id='word_1_273' title='bbox 355 2266 455 2314; x_wconf 83' lang='lat' dir='ltr'>AB.</span> <span class='ocrx_word' id='word_1_274' title='bbox 523 2266 794 2329; x_wconf 86' lang='lat' dir='ltr'>Aequivalet</span> <span class='ocrx_word' id='word_1_275' title='bbox 826 2270 1029 2329; x_wconf 84' lang='lat' dir='ltr'>potentia</span> <span class='ocrx_word' id='word_1_276' title='bbox 1066 2268 1143 2318; x_wconf 78' lang='lat' dir='ltr'>OC</span> <span class='ocrx_word' id='word_1_277' title='bbox 1174 2268 1348 2315; x_wconf 89' lang='lat' dir='ltr'>duabus</span> <span class='ocrx_word' id='word_1_278' title='bbox 1384 2269 1466 2315; x_wconf 88' lang='lat' dir='ltr'>OE</span> <span class='ocrx_word' id='word_1_279' title='bbox 1496 2277 1543 2315; x_wconf 89' lang='lat' dir='ltr'>et</span> <span class='ocrx_word' id='word_1_280' title='bbox 1581 2270 1660 2317; x_wconf 88' lang='lat' dir='ltr'>OD</span> <span class='ocrx_word' id='word_1_281' title='bbox 1693 2271 1826 2316; x_wconf 89' lang='lat' dir='ltr'>simul</span> <span class='ocrx_word' id='word_1_282' title='bbox 1860 2271 2100 2333; x_wconf 85' lang='lat' dir='ltr'>agentibus</span> <span class='ocrx_word' id='word_1_283' title='bbox 2136 2268 2259 2333; x_wconf 88' lang='lat'>(38).</span> <span class='ocrx_word' id='word_1_284' title='bbox 2307 2271 2510 2317; x_wconf 86' lang='lat' dir='ltr'>Potentia</span> <span class='ocrx_word' id='word_1_285' title='bbox 2536 2276 2687 2315; x_wconf 89' lang='lat' dir='ltr'>autem</span> <span class='ocrx_word' id='word_1_286' title='bbox 2718 2269 2799 2315; x_wconf 88' lang='lat' dir='ltr'>OE</span> 
     </span>
     <span class='ocr_line' id='line_1_23' title="bbox 93 2345 2886 2431; baseline -0 -22"><span class='ocrx_word' id='word_1_287' title='bbox 93 2370 265 2424; x_wconf 89' lang='lat' dir='ltr'>puncto</span> <span class='ocrx_word' id='word_1_288' title='bbox 302 2362 337 2408; x_wconf 97' lang='lat' dir='ltr'>O</span> <span class='ocrx_word' id='word_1_289' title='bbox 371 2361 542 2431; x_wconf 88' lang='lat' dir='ltr'>nullum</span> <span class='ocrx_word' id='word_1_290' title='bbox 577 2368 749 2407; x_wconf 88' lang='lat' dir='ltr'>motum</span> <span class='ocrx_word' id='word_1_291' title='bbox 783 2362 905 2408; x_wconf 88' lang='lat' dir='ltr'>valet</span> <span class='ocrx_word' id='word_1_292' title='bbox 938 2364 1194 2424; x_wconf 87' lang='lat' dir='ltr'>imprimere</span> <span class='ocrx_word' id='word_1_293' title='bbox 1233 2361 1360 2425; x_wconf 81' lang='lat'>(82);</span> <span class='ocrx_word' id='word_1_294' title='bbox 1412 2362 1621 2425; x_wconf 90' lang='lat' dir='ltr'>adeoque</span> <span class='ocrx_word' id='word_1_295' title='bbox 1656 2378 1746 2409; x_wconf 91' lang='lat' dir='ltr'>non</span> <span class='ocrx_word' id='word_1_296' title='bbox 1780 2379 1893 2425; x_wconf 91' lang='lat' dir='ltr'>opus</span> <span class='ocrx_word' id='word_1_297' title='bbox 1929 2371 1998 2409; x_wconf 87' lang='lat' dir='ltr'>est</span> <span class='ocrx_word' id='word_1_298' title='bbox 2030 2363 2146 2410; x_wconf 91' lang='lat' dir='ltr'>hanc</span> <span class='ocrx_word' id='word_1_299' title='bbox 2180 2345 2446 2425; x_wconf 85' lang='lat' dir='ltr'>potentiam,</span> <span class='ocrx_word' id='word_1_300' title='bbox 2497 2363 2794 2424; x_wconf 89' lang='lat' dir='ltr'>applicatione</span> <span class='ocrx_word' id='word_1_301' title='bbox 2882 2389 2886 2391; x_wconf 59' lang='lat'>&gt;</span> 
     </span>
    </p>
   </div>
   <div class='ocr_carea' id='block_1_15' title="bbox 0 2446 2796 2528">
    <p class='ocr_par' dir='ltr' id='par_1_15' title="bbox 0 2446 2796 2528">
     <span class='ocr_line' id='line_1_24' title="bbox 0 2446 2796 2528; baseline -0.001 -24"><span class='ocrx_word' id='word_1_302' title='bbox 0 2446 1 2489; x_wconf 60' lang='lat'>3</span> <span class='ocrx_word' id='word_1_303' title='bbox 90 2457 363 2515; x_wconf 85' lang='lat' dir='ltr'>contrariae,</span> <span class='ocrx_word' id='word_1_304' title='bbox 415 2454 660 2502; x_wconf 85' lang='lat' dir='ltr'>dest-ruere.</span> <span class='ocrx_word' id='word_1_305' title='bbox 731 2455 885 2501; x_wconf 90' lang='lat' dir='ltr'>Altera</span> <span class='ocrx_word' id='word_1_306' title='bbox 922 2471 1030 2528; x_wconf 81' lang='lat' dir='ltr'>vero</span> <span class='ocrx_word' id='word_1_307' title='bbox 1068 2455 1148 2502; x_wconf 88' lang='lat' dir='ltr'>OD</span> <span class='ocrx_word' id='word_1_308' title='bbox 1183 2463 1405 2518; x_wconf 89' lang='lat' dir='ltr'>punctum</span> <span class='ocrx_word' id='word_1_309' title='bbox 1443 2457 1479 2504; x_wconf 93' lang='lat' dir='ltr'>O</span> <span class='ocrx_word' id='word_1_310' title='bbox 1511 2456 1652 2502; x_wconf 84' lang='lat' dir='ltr'>llbere</span> <span class='ocrx_word' id='word_1_311' title='bbox 1690 2457 1810 2503; x_wconf 90' lang='lat' dir='ltr'>valet</span> <span class='ocrx_word' id='word_1_312' title='bbox 1850 2456 2097 2503; x_wconf 91' lang='lat' dir='ltr'>secundum</span> <span class='ocrx_word' id='word_1_313' title='bbox 2136 2456 2216 2503; x_wconf 90' lang='lat' dir='ltr'>OD</span> <span class='ocrx_word' id='word_1_314' title='bbox 2248 2451 2528 2518; x_wconf 85' lang='lat' dir='ltr'>promovere,</span> <span class='ocrx_word' id='word_1_315' title='bbox 2571 2457 2673 2516; x_wconf 87' lang='lat' dir='ltr'>quia</span> <span class='ocrx_word' id='word_1_316' title='bbox 2709 2454 2796 2502; x_wconf 88' lang='lat' dir='ltr'>ob-</span> 
     </span>
    </p>
   </div>
   <div class='ocr_carea' id='block_1_16' title="bbox 3 2531 2795 3742">
    <p class='ocr_par' dir='ltr' id='par_1_16' title="bbox 3 2531 2795 3742">
     <span class='ocr_line' id='line_1_25' title="bbox 92 2531 2791 2613; baseline -0 -16"><span class='ocrx_word' id='word_1_317' title='bbox 92 2551 312 2597; x_wconf 90' lang='lat' dir='ltr'>staculum</span> <span class='ocrx_word' id='word_1_318' title='bbox 347 2549 445 2613; x_wconf 87' lang='lat' dir='ltr'>ejus</span> <span class='ocrx_word' id='word_1_319' title='bbox 477 2531 819 2597; x_wconf 27' lang='lat' dir='ltr'>actionem-non</span> <span class='ocrx_word' id='word_1_320' title='bbox 846 2548 1053 2611; x_wconf 83' lang='lat' dir='ltr'>impedit3</span> <span class='ocrx_word' id='word_1_321' title='bbox 1089 2548 1202 2596; x_wconf 90' lang='lat' dir='ltr'>haec</span> <span class='ocrx_word' id='word_1_322' title='bbox 1229 2564 1340 2611; x_wconf 84' lang='lat' dir='ltr'>ergo</span> <span class='ocrx_word' id='word_1_323' title='bbox 1375 2550 1671 2613; x_wconf 87' lang='lat' dir='ltr'>applicatione</span> <span class='ocrx_word' id='word_1_324' title='bbox 1705 2552 1980 2607; x_wconf 87' lang='lat' dir='ltr'>contrariae,</span> <span class='ocrx_word' id='word_1_325' title='bbox 2016 2552 2147 2613; x_wconf 91' lang='lat' dir='ltr'>eique</span> <span class='ocrx_word' id='word_1_326' title='bbox 2180 2551 2380 2612; x_wconf 89' lang='lat' dir='ltr'>aequalis</span> <span class='ocrx_word' id='word_1_327' title='bbox 2415 2550 2493 2596; x_wconf 93' lang='lat' dir='ltr'>OF</span> <span class='ocrx_word' id='word_1_328' title='bbox 2521 2549 2791 2596; x_wconf 87' lang='lat' dir='ltr'>destruatur.</span> 
     </span>
     <span class='ocr_line' id='line_1_26' title="bbox 3 2641 2795 2707; baseline -0.001 -17"><span class='ocrx_word' id='word_1_329' title='bbox 3 2674 6 2675; x_wconf 27' lang='grc' dir='ltr'><em>ν</em></span> <span class='ocrx_word' id='word_1_330' title='bbox 92 2644 311 2692; x_wconf 87' lang='lat' dir='ltr'>Punctum</span> <span class='ocrx_word' id='word_1_331' title='bbox 357 2645 412 2701; x_wconf 94' lang='lat' dir='ltr'>O,</span> <span class='ocrx_word' id='word_1_332' title='bbox 462 2643 699 2706; x_wconf 83' lang='lat' dir='ltr'>applicata</span> <span class='ocrx_word' id='word_1_333' title='bbox 725 2646 765 2690; x_wconf 89' lang='lat' dir='ltr'>ei</span> <span class='ocrx_word' id='word_1_334' title='bbox 808 2646 991 2706; x_wconf 84' lang='lat' dir='ltr'>insuper</span> <span class='ocrx_word' id='word_1_335' title='bbox 1033 2645 1231 2705; x_wconf 85' lang='lat' dir='ltr'>potentia</span> <span class='ocrx_word' id='word_1_336' title='bbox 1267 2644 1359 2702; x_wconf 88' lang='lat' dir='ltr'>OF,</span> <span class='ocrx_word' id='word_1_337' title='bbox 1415 2646 1459 2690; x_wconf 88' lang='lat' dir='ltr'>in</span> <span class='ocrx_word' id='word_1_338' title='bbox 1501 2646 1651 2706; x_wconf 86' lang='lat' dir='ltr'>quiete</span> <span class='ocrx_word' id='word_1_339' title='bbox 1694 2646 1919 2706; x_wconf 81' lang='lat' dir='ltr'>persistet3</span> <span class='ocrx_word' id='word_1_340' title='bbox 1975 2644 2258 2707; x_wconf 88' lang='lat' dir='ltr'>obstaculum</span> <span class='ocrx_word' id='word_1_341' title='bbox 2301 2659 2410 2690; x_wconf 84' lang='lat' dir='ltr'>vero</span> <span class='ocrx_word' id='word_1_342' title='bbox 2445 2641 2531 2689; x_wconf 81' lang='lat' dir='ltr'>AB</span> <span class='ocrx_word' id='word_1_343' title='bbox 2566 2650 2795 2704; x_wconf 88' lang='lat' dir='ltr'>premetur</span> 
     </span>
     <span class='ocr_line' id='line_1_27' title="bbox 47 2719 2792 2801; baseline 0 -20"><span class='ocrx_word' id='word_1_344' title='bbox 47 2780 50 2781; x_wconf 16' lang='lat'><em>⁷</em></span> <span class='ocrx_word' id='word_1_345' title='bbox 90 2727 292 2801; x_wconf 84' lang='lat' dir='ltr'>potentia</span> <span class='ocrx_word' id='word_1_346' title='bbox 329 2719 456 2785; x_wconf 71' lang='lat' dir='ltr'>OE.¹</span> <span class='ocrx_word' id='word_1_347' title='bbox 494 2737 706 2785; x_wconf 89' lang='lat' dir='ltr'>Persistet</span> <span class='ocrx_word' id='word_1_348' title='bbox 738 2746 890 2784; x_wconf 91' lang='lat' dir='ltr'>autem</span> <span class='ocrx_word' id='word_1_349' title='bbox 928 2738 964 2785; x_wconf 94' lang='lat' dir='ltr'>O</span> <span class='ocrx_word' id='word_1_350' title='bbox 998 2740 1130 2784; x_wconf 89' lang='lat' dir='ltr'>etiam</span> <span class='ocrx_word' id='word_1_351' title='bbox 1165 2740 1209 2784; x_wconf 91' lang='lat' dir='ltr'>in</span> <span class='ocrx_word' id='word_1_352' title='bbox 1243 2740 1414 2801; x_wconf 90' lang='lat' dir='ltr'>quiete,</span> <span class='ocrx_word' id='word_1_353' title='bbox 1449 2740 1486 2784; x_wconf 91' lang='lat' dir='ltr'>si</span> <span class='ocrx_word' id='word_1_354' title='bbox 1522 2741 1722 2801; x_wconf 86' lang='lat' dir='ltr'>potentia</span> <span class='ocrx_word' id='word_1_355' title='bbox 1759 2739 1842 2785; x_wconf 92' lang='lat' dir='ltr'>OE</span> <span class='ocrx_word' id='word_1_356' title='bbox 1873 2738 1942 2784; x_wconf 93' lang='lat' dir='ltr'>vel</span> <span class='ocrx_word' id='word_1_357' title='bbox 1979 2753 2162 2800; x_wconf 90' lang='lat' dir='ltr'>prorsus</span> <span class='ocrx_word' id='word_1_358' title='bbox 2195 2737 2266 2784; x_wconf 86' lang='lat' dir='ltr'>vel</span> <span class='ocrx_word' id='word_1_359' title='bbox 2301 2753 2351 2783; x_wconf 86' lang='lat' dir='ltr'>ex</span> <span class='ocrx_word' id='word_1_360' title='bbox 2383 2743 2508 2800; x_wconf 88' lang='lat' dir='ltr'>parte</span> <span class='ocrx_word' id='word_1_361' title='bbox 2535 2737 2792 2783; x_wconf 88' lang='lat' dir='ltr'>destruatur</span> 
     </span>
     <span class='ocr_line' id='line_1_28' title="bbox 87 2829 2787 2896; baseline -0.001 -17"><span class='ocrx_word' id='word_1_362' title='bbox 87 2831 220 2896; x_wconf 68' lang='grc'><strong>(811),</strong></span> <span class='ocrx_word' id='word_1_363' title='bbox 263 2833 485 2895; x_wconf 89' lang='lat' dir='ltr'>applicata</span> <span class='ocrx_word' id='word_1_364' title='bbox 525 2847 637 2895; x_wconf 87' lang='lat' dir='ltr'>ergo</span> <span class='ocrx_word' id='word_1_365' title='bbox 678 2833 822 2881; x_wconf 89' lang='lat' dir='ltr'>OJ=</span> <span class='ocrx_word' id='word_1_366' title='bbox 843 2835 936 2880; x_wconf 88' lang='lat' dir='ltr'>OE.</span> <span class='ocrx_word' id='word_1_367' title='bbox 1005 2833 1126 2880; x_wconf 87' lang='lat' dir='ltr'>Duae</span> <span class='ocrx_word' id='word_1_368' title='bbox 1169 2835 1399 2895; x_wconf 87' lang='lat' dir='ltr'>potentiae</span> <span class='ocrx_word' id='word_1_369' title='bbox 1436 2832 1514 2880; x_wconf 92' lang='lat' dir='ltr'>OF</span> <span class='ocrx_word' id='word_1_370' title='bbox 1543 2840 1589 2879; x_wconf 92' lang='lat' dir='ltr'>et</span> <span class='ocrx_word' id='word_1_371' title='bbox 1625 2833 1700 2880; x_wconf 94' lang='lat' dir='ltr'>OJ</span> <span class='ocrx_word' id='word_1_372' title='bbox 1727 2834 1877 2891; x_wconf 90' lang='lat' dir='ltr'>simul,</span> <span class='ocrx_word' id='word_1_373' title='bbox 1931 2848 2010 2879; x_wconf 91' lang='lat' dir='ltr'>seu</span> <span class='ocrx_word' id='word_1_374' title='bbox 2045 2848 2158 2895; x_wconf 88' lang='lat' dir='ltr'>quae</span> <span class='ocrx_word' id='word_1_375' title='bbox 2192 2833 2246 2878; x_wconf 90' lang='lat' dir='ltr'>iis</span> <span class='ocrx_word' id='word_1_376' title='bbox 2282 2831 2534 2894; x_wconf 87' lang='lat' dir='ltr'>aequivalet</span> <span class='ocrx_word' id='word_1_377' title='bbox 2570 2831 2653 2877; x_wconf 92' lang='lat' dir='ltr'>OH</span> <span class='ocrx_word' id='word_1_378' title='bbox 2684 2829 2787 2894; x_wconf 84' lang='lat'>(38)</span> 
     </span>
     <span class='ocr_line' id='line_1_29' title="bbox 90 2920 2788 2990; baseline 0 -18"><span class='ocrx_word' id='word_1_379' title='bbox 90 2926 288 2973; x_wconf 85' lang='lat' dir='ltr'>servabit</span> <span class='ocrx_word' id='word_1_380' title='bbox 323 2925 359 2972; x_wconf 91' lang='lat' dir='ltr'><em>O</em></span> <span class='ocrx_word' id='word_1_381' title='bbox 392 2920 437 2974; x_wconf 91' lang='lat' dir='ltr'>in</span> <span class='ocrx_word' id='word_1_382' title='bbox 471 2929 641 2990; x_wconf 84' lang='lat' dir='ltr'>quiete,</span> <span class='ocrx_word' id='word_1_383' title='bbox 692 2935 740 2974; x_wconf 90' lang='lat' dir='ltr'>et</span> <span class='ocrx_word' id='word_1_384' title='bbox 772 2930 818 2974; x_wconf 89' lang='lat' dir='ltr'>in</span> <span class='ocrx_word' id='word_1_385' title='bbox 854 2925 944 2975; x_wconf 62' lang='lat' dir='ltr'>h‘oc</span> <span class='ocrx_word' id='word_1_386' title='bbox 980 2943 1089 2974; x_wconf 89' lang='lat' dir='ltr'>casu</span> <span class='ocrx_word' id='word_1_387' title='bbox 1120 2928 1195 2974; x_wconf 72' lang='lat' dir='ltr'>&#39;est</span> <span class='ocrx_word' id='word_1_388' title='bbox 1230 2925 1388 2974; x_wconf 81' lang='lat' dir='ltr'>OH⁸=</span> <span class='ocrx_word' id='word_1_389' title='bbox 1410 2927 1501 2984; x_wconf 89' lang='lat' dir='ltr'>OC,</span> <span class='ocrx_word' id='word_1_390' title='bbox 1548 2929 1676 2990; x_wconf 87' lang='lat' dir='ltr'>eique</span> <span class='ocrx_word' id='word_1_391' title='bbox 1712 2926 1882 2974; x_wconf 87' lang='lat' dir='ltr'>directe</span> <span class='ocrx_word' id='word_1_392' title='bbox 1918 2928 2159 2975; x_wconf 89' lang='lat' dir='ltr'>contraria.</span> <span class='ocrx_word' id='word_1_393' title='bbox 2227 2925 2396 2972; x_wconf 91' lang='lat' dir='ltr'>Deinde</span> <span class='ocrx_word' id='word_1_394' title='bbox 2431 2926 2466 2970; x_wconf 91' lang='lat' dir='ltr'>si</span> <span class='ocrx_word' id='word_1_395' title='bbox 2502 2926 2659 2971; x_wconf 91' lang='lat' dir='ltr'>saltem</span> <span class='ocrx_word' id='word_1_396' title='bbox 2695 2924 2788 2980; x_wconf 88' lang='lat' dir='ltr'>OG,</span> 
     </span>
     <span class='ocr_line' id='line_1_30' title="bbox 85 3016 2787 3089; baseline -0.001 -23"><span class='ocrx_word' id='word_1_397' title='bbox 85 3034 204 3083; x_wconf 61' lang='lat' dir='ltr'>‘quae</span> <span class='ocrx_word' id='word_1_398' title='bbox 239 3022 384 3068; x_wconf 91' lang='lat' dir='ltr'>minor</span> <span class='ocrx_word' id='word_1_399' title='bbox 406 3016 491 3067; x_wconf 66' lang='lat' dir='ltr'>&#39;est</span> <span class='ocrx_word' id='word_1_400' title='bbox 529 3037 661 3083; x_wconf 90' lang='lat' dir='ltr'>quam</span> <span class='ocrx_word' id='word_1_401' title='bbox 699 3021 784 3080; x_wconf 92' lang='lat' dir='ltr'>OJ,</span> <span class='ocrx_word' id='word_1_402' title='bbox 819 3022 1094 3085; x_wconf 86' lang='lat' dir='ltr'>applicetur,</span> <span class='ocrx_word' id='word_1_403' title='bbox 1137 3021 1424 3068; x_wconf 85' lang='lat' dir='ltr'>conservabit</span> <span class='ocrx_word' id='word_1_404' title='bbox 1459 3021 1558 3079; x_wconf 86' lang='lat' dir='ltr'>OK,</span> <span class='ocrx_word' id='word_1_405' title='bbox 1602 3021 1888 3083; x_wconf 85' lang='lat' dir='ltr'>aequivalens</span> <span class='ocrx_word' id='word_1_406' title='bbox 1921 3022 2031 3089; x_wconf 88' lang='lat' dir='ltr'>ipsis</span> <span class='ocrx_word' id='word_1_407' title='bbox 2070 3019 2149 3068; x_wconf 87' lang='lat' dir='ltr'>OG</span> <span class='ocrx_word' id='word_1_408' title='bbox 2181 3026 2227 3066; x_wconf 89' lang='lat' dir='ltr'>et</span> <span class='ocrx_word' id='word_1_409' title='bbox 2263 3018 2358 3077; x_wconf 90' lang='lat' dir='ltr'>OF,</span> <span class='ocrx_word' id='word_1_410' title='bbox 2395 3019 2542 3066; x_wconf 85' lang='lat' dir='ltr'>denuo</span> <span class='ocrx_word' id='word_1_411' title='bbox 2577 3020 2787 3080; x_wconf 87' lang='lat' dir='ltr'>quietem.</span> 
     </span>
     <span class='ocr_line' id='line_1_31' title="bbox 89 3112 2787 3179; baseline -0.001 -17"><span class='ocrx_word' id='word_1_412' title='bbox 89 3113 307 3170; x_wconf 86' lang='lat' dir='ltr'>Quocirca</span> <span class='ocrx_word' id='word_1_413' title='bbox 342 3114 481 3161; x_wconf 90' lang='lat' dir='ltr'>ducta</span> <span class='ocrx_word' id='word_1_414' title='bbox 514 3114 599 3163; x_wconf 88' lang='lat' dir='ltr'>FH</span> <span class='ocrx_word' id='word_1_415' title='bbox 628 3116 835 3178; x_wconf 89' lang='lat' dir='ltr'>parallela</span> <span class='ocrx_word' id='word_1_416' title='bbox 869 3123 916 3163; x_wconf 92' lang='lat' dir='ltr'>et</span> <span class='ocrx_word' id='word_1_417' title='bbox 944 3112 1122 3179; x_wconf 52' lang='lat' dir='ltr'>&#39;aequali</span> <span class='ocrx_word' id='word_1_418' title='bbox 1158 3117 1239 3178; x_wconf 89' lang='lat' dir='ltr'>ipsi</span> <span class='ocrx_word' id='word_1_419' title='bbox 1276 3116 1372 3173; x_wconf 90' lang='lat' dir='ltr'>OE,</span> <span class='ocrx_word' id='word_1_420' title='bbox 1417 3130 1573 3162; x_wconf 92' lang='lat' dir='ltr'>omnes</span> <span class='ocrx_word' id='word_1_421' title='bbox 1607 3123 1758 3162; x_wconf 88' lang='lat' dir='ltr'>rectae</span> <span class='ocrx_word' id='word_1_422' title='bbox 1794 3115 1889 3172; x_wconf 89' lang='lat' dir='ltr'>OK,</span> <span class='ocrx_word' id='word_1_423' title='bbox 1935 3130 2048 3177; x_wconf 90' lang='lat' dir='ltr'>quae</span> <span class='ocrx_word' id='word_1_424' title='bbox 2082 3130 2135 3160; x_wconf 86' lang='lat' dir='ltr'>ex</span> <span class='ocrx_word' id='word_1_425' title='bbox 2174 3115 2210 3161; x_wconf 96' lang='lat' dir='ltr'>O</span> <span class='ocrx_word' id='word_1_426' title='bbox 2243 3113 2300 3160; x_wconf 91' lang='lat' dir='ltr'>ad</span> <span class='ocrx_word' id='word_1_427' title='bbox 2333 3113 2417 3160; x_wconf 91' lang='lat' dir='ltr'>FH</span> <span class='ocrx_word' id='word_1_428' title='bbox 2447 3112 2551 3159; x_wconf 91' lang='lat' dir='ltr'>duci</span> <span class='ocrx_word' id='word_1_429' title='bbox 2585 3119 2787 3175; x_wconf 90' lang='lat' dir='ltr'>possunt,</span> 
     </span>
     <span class='ocr_line' id='line_1_32' title="bbox 89 3206 2787 3271; baseline -0 -19"><span class='ocrx_word' id='word_1_430' title='bbox 89 3206 363 3255; x_wconf 83' lang='lat' dir='ltr'>exhibebunt</span> <span class='ocrx_word' id='word_1_431' title='bbox 395 3210 618 3270; x_wconf 88' lang='lat' dir='ltr'>potentias</span> <span class='ocrx_word' id='word_1_432' title='bbox 651 3224 739 3256; x_wconf 91' lang='lat' dir='ltr'>una</span> <span class='ocrx_word' id='word_1_433' title='bbox 774 3225 878 3256; x_wconf 91' lang='lat' dir='ltr'>cum</span> <span class='ocrx_word' id='word_1_434' title='bbox 915 3209 1010 3267; x_wconf 91' lang='lat' dir='ltr'>OC,</span> <span class='ocrx_word' id='word_1_435' title='bbox 1052 3211 1099 3256; x_wconf 91' lang='lat' dir='ltr'>in</span> <span class='ocrx_word' id='word_1_436' title='bbox 1133 3211 1286 3271; x_wconf 91' lang='lat' dir='ltr'>quiete</span> <span class='ocrx_word' id='word_1_437' title='bbox 1321 3215 1541 3271; x_wconf 88' lang='lat' dir='ltr'>punctum</span> <span class='ocrx_word' id='word_1_438' title='bbox 1578 3208 1614 3254; x_wconf 96' lang='lat' dir='ltr'><em>O</em></span> <span class='ocrx_word' id='word_1_439' title='bbox 1647 3214 1989 3255; x_wconf 89' lang='lat' dir='ltr'>conservantes.</span> <span class='ocrx_word' id='word_1_440' title='bbox 2055 3207 2224 3255; x_wconf 89' lang='lat' dir='ltr'>Poterit</span> <span class='ocrx_word' id='word_1_441' title='bbox 2259 3221 2390 3268; x_wconf 89' lang='lat' dir='ltr'>porro</span> <span class='ocrx_word' id='word_1_442' title='bbox 2426 3206 2526 3262; x_wconf 90' lang='lat' dir='ltr'>OE,</span> <span class='ocrx_word' id='word_1_443' title='bbox 2571 3212 2787 3267; x_wconf 86' lang='lat' dir='ltr'>quantum</span> 
     </span>
     <span class='ocr_line' id='line_1_33' title="bbox 87 3298 2782 3365; baseline -0.001 -18"><span class='ocrx_word' id='word_1_444' title='bbox 87 3298 216 3358; x_wconf 86' lang='lat' dir='ltr'>libet,</span> <span class='ocrx_word' id='word_1_445' title='bbox 259 3302 437 3362; x_wconf 85' lang='lat' dir='ltr'>augeri,</span> <span class='ocrx_word' id='word_1_446' title='bbox 481 3309 527 3348; x_wconf 88' lang='lat' dir='ltr'>et</span> <span class='ocrx_word' id='word_1_447' title='bbox 564 3302 858 3349; x_wconf 85' lang='lat' dir='ltr'>nihilominus</span> <span class='ocrx_word' id='word_1_448' title='bbox 892 3303 1052 3365; x_wconf 91' lang='lat' dir='ltr'>quietis</span> <span class='ocrx_word' id='word_1_449' title='bbox 1083 3308 1228 3348; x_wconf 88' lang='lat' dir='ltr'>status</span> <span class='ocrx_word' id='word_1_450' title='bbox 1261 3301 1614 3348; x_wconf 86' lang='lat' dir='ltr'>conservabitur.</span> <span class='ocrx_word' id='word_1_451' title='bbox 1679 3300 1947 3362; x_wconf 88' lang='lat' dir='ltr'>Applicetur</span> <span class='ocrx_word' id='word_1_452' title='bbox 1987 3314 2118 3361; x_wconf 85' lang='lat' dir='ltr'>ergo,</span> <span class='ocrx_word' id='word_1_453' title='bbox 2160 3307 2336 3361; x_wconf 89' lang='lat' dir='ltr'>praeter</span> <span class='ocrx_word' id='word_1_454' title='bbox 2372 3298 2450 3345; x_wconf 91' lang='lat' dir='ltr'>OF</span> <span class='ocrx_word' id='word_1_455' title='bbox 2478 3298 2782 3345; x_wconf 89' lang='lat' dir='ltr'>destruentem</span> 
     </span>
     <span class='ocr_line' id='line_1_34' title="bbox 69 3391 2779 3460; baseline -0.001 -21"><span class='ocrx_word' id='word_1_456' title='bbox 69 3392 191 3450; x_wconf 80' lang='lat' dir='ltr'>OD,</span> <span class='ocrx_word' id='word_1_457' title='bbox 246 3396 447 3456; x_wconf 87' lang='lat' dir='ltr'>potentia</span> <span class='ocrx_word' id='word_1_458' title='bbox 483 3395 580 3442; x_wconf 89' lang='lat' dir='ltr'>OL:</span> <span class='ocrx_word' id='word_1_459' title='bbox 631 3395 874 3460; x_wconf 53' lang='lat' dir='ltr'>haessduae</span> <span class='ocrx_word' id='word_1_460' title='bbox 918 3395 995 3442; x_wconf 96' lang='lat' dir='ltr'>OF</span> <span class='ocrx_word' id='word_1_461' title='bbox 1032 3403 1078 3442; x_wconf 87' lang='lat' dir='ltr'>ct</span> <span class='ocrx_word' id='word_1_462' title='bbox 1114 3395 1191 3442; x_wconf 94' lang='lat' dir='ltr'>OL</span> <span class='ocrx_word' id='word_1_463' title='bbox 1224 3396 1377 3452; x_wconf 90' lang='lat' dir='ltr'>simul,</span> <span class='ocrx_word' id='word_1_464' title='bbox 1429 3409 1509 3441; x_wconf 89' lang='lat' dir='ltr'>seu</span> <span class='ocrx_word' id='word_1_465' title='bbox 1550 3396 1602 3441; x_wconf 90' lang='lat' dir='ltr'>iis</span> <span class='ocrx_word' id='word_1_466' title='bbox 1639 3394 1921 3456; x_wconf 90' lang='lat' dir='ltr'>aequivalens</span> <span class='ocrx_word' id='word_1_467' title='bbox 1965 3394 2053 3440; x_wconf 90' lang='lat' dir='ltr'>OM</span> <span class='ocrx_word' id='word_1_468' title='bbox 2090 3392 2241 3440; x_wconf 92' lang='lat' dir='ltr'>denuo</span> <span class='ocrx_word' id='word_1_469' title='bbox 2277 3393 2313 3439; x_wconf 97' lang='lat' dir='ltr'><em>O</em></span> <span class='ocrx_word' id='word_1_470' title='bbox 2348 3394 2392 3438; x_wconf 93' lang='lat' dir='ltr'>in</span> <span class='ocrx_word' id='word_1_471' title='bbox 2432 3391 2582 3454; x_wconf 88' lang='lat' dir='ltr'>quiete</span> <span class='ocrx_word' id='word_1_472' title='bbox 2618 3398 2779 3438; x_wconf 88' lang='lat' dir='ltr'>servat.</span> 
     </span>
     <span class='ocr_line' id='line_1_35' title="bbox 88 3483 2783 3551; baseline -0.001 -18"><span class='ocrx_word' id='word_1_473' title='bbox 88 3484 212 3549; x_wconf 86' lang='lat' dir='ltr'>Ergo</span> <span class='ocrx_word' id='word_1_474' title='bbox 246 3489 283 3534; x_wconf 87' lang='lat' dir='ltr'>si</span> <span class='ocrx_word' id='word_1_475' title='bbox 317 3488 610 3551; x_wconf 85' lang='lat' dir='ltr'>producetur·</span> <span class='ocrx_word' id='word_1_476' title='bbox 631 3491 703 3537; x_wconf 89' lang='lat' dir='ltr'>CO</span> <span class='ocrx_word' id='word_1_477' title='bbox 736 3492 782 3538; x_wconf 88' lang='lat' dir='ltr'>in</span> <span class='ocrx_word' id='word_1_478' title='bbox 815 3491 881 3549; x_wconf 87' lang='lat' dir='ltr'>H,</span> <span class='ocrx_word' id='word_1_479' title='bbox 931 3496 986 3537; x_wconf 88' lang='lat' dir='ltr'>ut</span> <span class='ocrx_word' id='word_1_480' title='bbox 1019 3492 1079 3537; x_wconf 91' lang='lat' dir='ltr'>sit</span> <span class='ocrx_word' id='word_1_481' title='bbox 1116 3491 1272 3537; x_wconf 89' lang='lat' dir='ltr'>OH=</span> <span class='ocrx_word' id='word_1_482' title='bbox 1292 3489 1383 3546; x_wconf 89' lang='lat' dir='ltr'>CO,</span> <span class='ocrx_word' id='word_1_483' title='bbox 1427 3495 1563 3551; x_wconf 88' lang='lat' dir='ltr'>atque</span> <span class='ocrx_word' id='word_1_484' title='bbox 1598 3504 1650 3534; x_wconf 86' lang='lat' dir='ltr'>ex</span> <span class='ocrx_word' id='word_1_485' title='bbox 1686 3489 1733 3534; x_wconf 89' lang='lat' dir='ltr'><em>H</em></span> <span class='ocrx_word' id='word_1_486' title='bbox 1763 3488 2027 3534; x_wconf 86' lang='lat' dir='ltr'>demittatur</span> <span class='ocrx_word' id='word_1_487' title='bbox 2060 3483 2235 3533; x_wconf 86' lang='lat' dir='ltr'>infinita</span> <span class='ocrx_word' id='word_1_488' title='bbox 2269 3494 2392 3533; x_wconf 90' lang='lat' dir='ltr'>recta</span> <span class='ocrx_word' id='word_1_489' title='bbox 2428 3487 2510 3532; x_wconf 85' lang='lat' dir='ltr'>HR</span> <span class='ocrx_word' id='word_1_490' title='bbox 2544 3483 2783 3547; x_wconf 90' lang='lat' dir='ltr'>perpendi-</span> 
     </span>
     <span class='ocr_line' id='line_1_36' title="bbox 88 3577 2780 3648; baseline -0.001 -21"><span class='ocrx_word' id='word_1_491' title='bbox 88 3579 250 3629; x_wconf 88' lang='lat' dir='ltr'>cularis</span> <span class='ocrx_word' id='word_1_492' title='bbox 275 3583 320 3629; x_wconf 92' lang='lat' dir='ltr'>in</span> <span class='ocrx_word' id='word_1_493' title='bbox 349 3581 459 3641; x_wconf 83' lang='lat' dir='ltr'>AB,</span> <span class='ocrx_word' id='word_1_494' title='bbox 485 3600 779 3648; x_wconf 87' lang='lat' dir='ltr'>quaecunque</span> <span class='ocrx_word' id='word_1_495' title='bbox 805 3591 929 3631; x_wconf 89' lang='lat' dir='ltr'>recta</span> <span class='ocrx_word' id='word_1_496' title='bbox 957 3600 1009 3631; x_wconf 84' lang='lat' dir='ltr'>ex</span> <span class='ocrx_word' id='word_1_497' title='bbox 1036 3584 1072 3631; x_wconf 94' lang='lat' dir='ltr'><em>O</em></span> <span class='ocrx_word' id='word_1_498' title='bbox 1098 3584 1155 3632; x_wconf 92' lang='lat' dir='ltr'>ad</span> <span class='ocrx_word' id='word_1_499' title='bbox 1183 3599 1279 3630; x_wconf 88' lang='lat' dir='ltr'>eam</span> <span class='ocrx_word' id='word_1_500' title='bbox 1304 3582 1441 3630; x_wconf 89' lang='lat' dir='ltr'>ducta</span> <span class='ocrx_word' id='word_1_501' title='bbox 1470 3582 1569 3640; x_wconf 88' lang='lat' dir='ltr'>OK,</span> <span class='ocrx_word' id='word_1_502' title='bbox 1601 3583 1689 3629; x_wconf 92' lang='lat' dir='ltr'>OM</span> <span class='ocrx_word' id='word_1_503' title='bbox 1712 3589 1930 3644; x_wconf 90' lang='lat' dir='ltr'>punctum</span> <span class='ocrx_word' id='word_1_504' title='bbox 1958 3581 1994 3628; x_wconf 95' lang='lat' dir='ltr'>O</span> <span class='ocrx_word' id='word_1_505' title='bbox 2020 3583 2065 3629; x_wconf 92' lang='lat' dir='ltr'>in</span> <span class='ocrx_word' id='word_1_506' title='bbox 2093 3583 2244 3644; x_wconf 89' lang='lat' dir='ltr'>quiete</span> <span class='ocrx_word' id='word_1_507' title='bbox 2272 3579 2568 3627; x_wconf 87' lang='lat' dir='ltr'>conservabit.</span> <span class='ocrx_word' id='word_1_508' title='bbox 2607 3577 2659 3635; x_wconf 89' lang='lat' dir='ltr'>Q.</span> <span class='ocrx_word' id='word_1_509' title='bbox 2682 3578 2728 3624; x_wconf 90' lang='lat' dir='ltr'>E.</span> <span class='ocrx_word' id='word_1_510' title='bbox 2749 3577 2780 3623; x_wconf 88' lang='lat'>1.</span> 
     </span>
     <span class='ocr_line' id='line_1_37' title="bbox 303 3658 2524 3742; baseline -0.005 -15"><span class='ocrx_word' id='word_1_511' title='bbox 303 3658 310 3666; x_wconf 34' lang='lat'>⁸</span> <span class='ocrx_word' id='word_1_512' title='bbox 431 3679 593 3742; x_wconf 86' lang='lat' dir='ltr'>Script.</span> <span class='ocrx_word' id='word_1_513' title='bbox 631 3679 695 3727; x_wconf 85' lang='lat' dir='ltr'>ad</span> <span class='ocrx_word' id='word_1_514' title='bbox 726 3694 873 3742; x_wconf 79' lang='lat' dir='ltr'>mar-9.</span> <span class='ocrx_word' id='word_1_515' title='bbox 910 3677 1070 3725; x_wconf 89' lang='lat' dir='ltr'>Melius</span> <span class='ocrx_word' id='word_1_516' title='bbox 1101 3676 1214 3724; x_wconf 91' lang='lat' dir='ltr'>haec</span> <span class='ocrx_word' id='word_1_517' title='bbox 1249 3678 1420 3725; x_wconf 90' lang='lat' dir='ltr'>solutio</span> <span class='ocrx_word' id='word_1_518' title='bbox 1454 3676 1720 3735; x_wconf 88' lang='lat' dir='ltr'>adornatur,</span> <span class='ocrx_word' id='word_1_519' title='bbox 1761 3675 2086 3739; x_wconf 89' lang='lat' dir='ltr'>praemittendo</span> <span class='ocrx_word' id='word_1_520' title='bbox 2121 3675 2524 3722; x_wconf 88' lang='lat' dir='ltr'>constructionem.</span> 
     </span>
    </p>
   </div>
   <div class='ocr_carea' id='block_1_17' title="bbox 86 3787 2776 3954">
    <p class='ocr_par' dir='ltr' id='par_1_17' title="bbox 86 3787 2776 3954">
     <span class='ocr_line' id='line_1_38' title="bbox 216 3787 2776 3859; baseline -0.003 -15"><span class='ocrx_word' id='word_1_521' title='bbox 216 3797 296 3844; x_wconf 89' lang='grc'>88.</span> <span class='ocrx_word' id='word_1_522' title='bbox 345 3803 563 3849; x_wconf 76' lang='lat' dir='ltr'>coron.</span> <span class='ocrx_word' id='word_1_523' title='bbox 594 3810 642 3851; x_wconf 88' lang='lat'>1.</span> <span class='ocrx_word' id='word_1_524' title='bbox 698 3797 933 3846; x_wconf 86' lang='lat' dir='ltr'>Problema</span> <span class='ocrx_word' id='word_1_525' title='bbox 971 3811 1084 3859; x_wconf 87' lang='lat' dir='ltr'>ergo</span> <span class='ocrx_word' id='word_1_526' title='bbox 1117 3795 1208 3843; x_wconf 91' lang='lat' dir='ltr'>hoc</span> <span class='ocrx_word' id='word_1_527' title='bbox 1243 3791 1442 3843; x_wconf 82' lang='lat' dir='ltr'>infinitas</span> <span class='ocrx_word' id='word_1_528' title='bbox 1477 3794 1679 3843; x_wconf 88' lang='lat' dir='ltr'>admittit</span> <span class='ocrx_word' id='word_1_529' title='bbox 1710 3794 1978 3848; x_wconf 87' lang='lat' dir='ltr'>solutiones,</span> <span class='ocrx_word' id='word_1_530' title='bbox 2011 3809 2114 3841; x_wconf 91' lang='lat' dir='ltr'>cum</span> <span class='ocrx_word' id='word_1_531' title='bbox 2148 3787 2323 3839; x_wconf 86' lang='lat' dir='ltr'>infinite</span> <span class='ocrx_word' id='word_1_532' title='bbox 2357 3791 2530 3852; x_wconf 88' lang='lat' dir='ltr'>possint</span> <span class='ocrx_word' id='word_1_533' title='bbox 2562 3789 2776 3852; x_wconf 87' lang='lat' dir='ltr'>applicari</span> 
     </span>
     <span class='ocr_line' id='line_1_39' title="bbox 86 3891 1393 3954; baseline 0.001 -18"><span class='ocrx_word' id='word_1_534' title='bbox 86 3891 333 3953; x_wconf 86' lang='lat' dir='ltr'>potentiae,</span> <span class='ocrx_word' id='word_1_535' title='bbox 369 3906 473 3938; x_wconf 90' lang='lat' dir='ltr'>cum</span> <span class='ocrx_word' id='word_1_536' title='bbox 507 3891 610 3939; x_wconf 87' lang='lat' dir='ltr'>data</span> <span class='ocrx_word' id='word_1_537' title='bbox 647 3892 722 3941; x_wconf 91' lang='lat' dir='ltr'>OC</span> <span class='ocrx_word' id='word_1_538' title='bbox 749 3899 918 3940; x_wconf 85' lang='lat' dir='ltr'>statum</span> <span class='ocrx_word' id='word_1_539' title='bbox 953 3892 1117 3954; x_wconf 87' lang='lat' dir='ltr'>quietis</span> <span class='ocrx_word' id='word_1_540' title='bbox 1149 3897 1393 3938; x_wconf 85' lang='lat' dir='ltr'>servantes.</span> 
     </span>
    </p>
   </div>
   <div class='ocr_carea' id='block_1_18' title="bbox 208 3978 2488 4034">
    <p class='ocr_par' dir='ltr' id='par_1_18' title="bbox 208 3978 2488 4034">
     <span class='ocr_line' id='line_1_40' title="bbox 208 3978 2488 4034; baseline 0.006 -11"><span class='ocrx_word' id='word_1_541' title='bbox 208 3994 240 4023; x_wconf 82' lang='lat'>1..</span> <span class='ocrx_word' id='word_1_542' title='bbox 258 3995 372 4025; x_wconf 71' lang='lat' dir='ltr'>luleti</span> <span class='ocrx_word' id='word_1_543' title='bbox 391 3997 441 4033; x_wconf 84' lang='lat' dir='ltr'>Op.</span> <span class='ocrx_word' id='word_1_544' title='bbox 459 3997 596 4034; x_wconf 69' lang='lat' dir='ltr'>posthuma</span> <span class='ocrx_word' id='word_1_545' title='bbox 613 3998 643 4026; x_wconf 76' lang='grc' dir='ltr'>ἲ.</span> <span class='ocrx_word' id='word_1_546' title='bbox 662 3998 702 4026; x_wconf 86' lang='lat' dir='ltr'>n.</span> <span class='ocrx_word' id='word_1_547' title='bbox 2461 3978 2488 4024; x_wconf 74' lang='grc'><strong>3</strong></span> 
     </span>
    </p>
   </div>
  </div>
 </body>
</html>
