2950 4276
624 213 701 266 De
741 214 1086 284 atmosphaera
1121 215 1264 268 lunae
1300 232 1365 266 ex
1402 213 1573 285 eclipsi
1604 215 1722 268 solis
1759 215 1994 272 annulari
2028 215 2194 270 evicta.
2651 220 2751 273 393

96 373 131 418 ς,
208 355 239 423 §
274 359 319 407 8.
370 357 484 408 Hinc
517 357 661 417 igitur
692 355 806 406 haec
839 357 1041 418 quaestio
1074 358 1319 407 enascitur:
1363 373 1577 420 quaenam
1619 356 1754 406 fuerit
1795 375 1950 418 causa,
1992 375 2075 407 cur
2113 359 2264 408 discus
2304 359 2409 408 solis
2450 362 2493 406 in
2534 362 2588 406 iis
2622 357 2749 420 locis,

0 473 4 506 ι
68 455 146 508 ulfi
177 468 202 502 a
235 451 372 502 limbo
407 450 539 501 lunae
575 452 695 497 intus
729 446 822 496 fere
862 450 1154 512 tangebatur,
1195 453 1254 497 sit
1295 436 1541 499 dilatatus?
1580 456 1869 515 quantitatem
1904 453 2084 517 quidem
2123 454 2397 504 dilatationis
2430 455 2584 518 hujuS‚
2619 471 2750 519 quam

0 590 4 603 ‚
67 545 244 604 “855⁹
279 547 633 600 aestimavimus,
667 550 761 592 ιιοιι
794 558 878 605 pro
912 550 1006 591 tam
1049 550 1171 591 certa
1212 544 1464 591 habendam
1502 561 1598 592 esse
1629 538 1808 608 judico,
1857 554 1910 594 ut
1948 563 2040 595 non
2079 564 2201 595 error
2244 549 2438 610 plurium
2480 551 2750 601 minutorum

0 617 20 683 ,ἰ
68 638 370 694 mundarum
402 639 665 710 commissus
697 651 798 684 esse
833 638 995 698 possit,
1033 638 1175 698 primo
1208 639 1326 690 enim
1361 638 1639 685 latitudinem
1673 639 1824 686 annuli
1857 648 1947 687 tam
1989 649 2140 687 exacte
2183 658 2435 689 mensurare
2477 659 2568 690 non
2602 644 2749 697 licuit:

0 757 9 797 μ
69 741 166 788 m
196 748 305 787 vero
339 731 397 779 ob
430 732 628 785 colores,
663 730 826 792 quibus
860 735 954 779 tam
987 729 1093 776 solis
1126 744 1259 792 quam
1292 730 1421 777 lunae
1457 746 1612 792 margo
1646 739 1906 779 constanter
1940 734 2112 781 obsitus
2146 735 2435 788 cernebatur,
2468 737 2541 783 ille
2568 736 2749 799 quidem

0 851 10 901 ἒ
68 827 292 883 violaceo,
342 824 419 872 hic
461 839 567 873 vero
607 824 772 878 rubro,
821 837 952 872 veros
994 824 1227 885 utriusque
1269 816 1391 873 limbi
1434 827 1654 873 terminos
1704 824 1959 873 discernere
1999 842 2090 874 non
2141 827 2325 883 licebat,
2376 831 2553 877 interim
2605 838 2752 877 tamen

0 911 31 1002 i*
69 922 242 977 ullum
274 920 460 971 dubium
495 932 726 980 superesse
761 923 930 979 potest,
965 918 1075 977 quin
1110 918 1290 967 minima
1323 917 1474 967 annuli
1515 917 1707 969 latitudo
1741 918 1815 965 hic
1863 912 1950 966 10''
1986 919 2280 981 superaverit,
2315 922 2442 984 cujus
2483 922 2752 969 dilatationis

0 1018 31 1098 ἰῄ
69 1028 248 1071 musam
282 1015 553 1074 investigare
585 1026 750 1074 operae
782 1011 871 1057 erit
904 1012 1111 1072 pretium.

76 1165 80 1167 ,
207 1105 232 1170 §
259 1108 304 1154 9.
335 1106 545 1161 Quaestio
573 1120 682 1166 ergo
709 1104 800 1150 huc
827 1104 959 1160 redit,
979 1110 1031 1155 ut
1054 1104 1341 1166 explicemuS,
1360 1104 1460 1168 (Fig
1493 1106 1605 1168 209)
1626 1122 1708 1153 cur
1734 1113 1955 1154 extremus
1981 1105 2089 1186 solis
2115 1105 2350 1168 margoA,
2368 1108 2444 1168 qui
2472 1122 2548 1169 per
2580 1109 2751 1156 radium

31 1225 34 1253 ι
72 1201 328 1270 {filinam
350 1199 425 1247 L
412 1215 459 1248 ιιι
476 1200 528 1250 M
547 1200 860 1260 stringentem,
886 1198 1018 1248 lunae
1043 1198 1296 1250 immediate
1324 1201 1569 1261 contiguus
1593 1203 1790 1263 conspici
1819 1200 2017 1257 deberet,
2040 1179 2134 1248 non
2160 1204 2205 1247 in
2222 1199 2279 1258 A,
2300 1200 2378 1247 sed
2406 1203 2449 1253 in
2477 1217 2506 1246 α
2530 1210 2752 1263 appareat,

19 1322 36 1351 ,,
72 1303 208 1360 Ψ
239 1309 266 1346 a
299 1309 407 1340 vero
441 1307 526 1340 suo
559 1292 662 1339 loco
695 1290 866 1353 angulo
900 1289 1038 1349 ATa,
1072 1307 1207 1354 quem
1238 1285 1340 1343 25''
1373 1295 1642 1352 invenimus,
1679 1310 1770 1341 non
1801 1301 1951 1345 tamen
1986 1295 2128 1342 multo
2162 1309 2294 1355 supra
2334 1287 2427 1340 10⁰
2457 1297 2753 1346 aestimamus,
2795 1326 2797 1331 -

34 1391 37 1439 ἰ
69 1388 274 1448 We
304 1387 511 1457 *videatur
544 1387 788 1447 spectatori
827 1387 875 1436 ,in
916 1386 960 1432 T
984 1386 1263 1438 constituto?
1313 1386 1402 1439 hoc
1445 1390 1562 1437 enim
1603 1390 1641 1435 si
1682 1386 1819 1435 suerit
1858 1391 2126 1450 expositum,
2179 1389 2480 1450 intelligetur,
2530 1388 2754 1450 quomodo

34 1474 38 1532 l
59 1477 174 1542 fit,
197 1489 247 1537 ut
269 1497 407 1545 quum
443 1479 635 1533 latitudo
667 1480 821 1527 annuli
857 1480 996 1540 nulla,
1029 1495 1108 1527 seu
1142 1477 1241 1531 fere
1275 1481 1397 1532 nulla
1432 1497 1529 1529 esse
1565 1481 1776 1539 deberet,
1813 1498 1862 1528 ea
1898 1490 2047 1529 tamen
2074 1490 2361 1544 augmentum
2388 1490 2456 1528 tot
2482 1484 2753 1533 minutorum

36 1591 40 1624 ι
72 1575 390 1636 mundorum,
433 1581 545 1638 quot
584 1574 779 1636 angulus
816 1572 935 1625 ATa
976 1576 1199 1628 continet,
1241 1590 1401 1641 capere
1442 1583 1670 1627 cernatur.
1738 1576 1939 1638 Namque
1981 1578 2017 1623 si
2051 1591 2206 1643 margo
2240 1577 2346 1624 solis
2380 1592 2404 1622 a
2441 1577 2574 1628 limbo
2610 1575 2756 1631 lunae,

36 1673 148 1729 'aq
172 1678 249 1725 est
274 1672 521 1735 proximus,
570 1668 662 1715 hoc
698 1666 832 1719 modo
865 1667 1125 1729 elongatur,
1175 1672 1461 1731 perspicuum
1504 1677 1590 1727 est,
1645 1670 1703 1717 ob
1743 1670 1862 1717 hanc
1904 1686 2084 1717 causam
2129 1677 2174 1716 et
2213 1671 2317 1717 solis
2358 1685 2528 1717 cornua
2571 1676 2672 1716 ante
2713 1677 2758 1714 et

71 1771 176 1839 μ
205 1764 420 1819 annulum
452 1761 647 1810 distendi
682 1769 728 1809 et
761 1760 1045 1814 latitudinem
1079 1764 1217 1824 ipsius
1251 1763 1424 1820 annuli,
1463 1764 1539 1810 nbi
1574 1772 1644 1811 est
1676 1766 1881 1821 minima,
1917 1764 2102 1826 expandi
2138 1771 2361 1825 oportere

201 1855 231 1924 §
268 1859 339 1905 10.
393 1855 650 1918 Antequam
682 1863 835 1902 autem
869 1855 1005 1919 hujus
1041 1856 1335 1918 phaenomeni
1371 1858 1712 1919 explicationem
1746 1859 1960 1919 suscipio,
2006 1860 2260 1919 opinionem
2295 1859 2436 1919 primo
2471 1858 2637 1904 intuitu
2670 1873 2761 1905 non

78 1949 316 2023 *odam
347 1949 686 2013 improbabilem
721 1951 943 1996 removeri
978 1951 1231 2000 conveniet.
1298 1951 1383 2006 Qui
1421 1953 1539 1997 enim
1575 1967 1627 1997 ex
1661 1950 1962 2014 descriptione
1995 1952 2182 1999 aliarum
2218 1950 2449 2013 eclipsium
2483 1951 2591 1998 solis
2618 1966 2761 1997 annu·-

79 2031 238 2109 hiala
266 2045 604 2100 intellexerunt,
636 2050 874 2106 utramque
911 2043 1383 2095 annulielatitudinem
1423 2051 1473 2090 et
1514 2047 1745 2092 maximam
1790 2052 1837 2091 et
1868 2047 2092 2113 minimam
2125 2045 2258 2091 simul
2290 2045 2505 2107 majorem
2546 2059 2764 2092 summam

80 2130 280 2210 We,
303 2153 452 2202 quam
485 2144 555 2185 est
588 2132 840 2187 differentia
875 2138 995 2185 inter
1029 2137 1270 2189 diametros
1303 2145 1571 2201 apparentes
1606 2140 1715 2186 solis
1747 2154 1800 2186 ac
1834 2138 1988 2196 lunae,
2029 2140 2057 2184 ii
2092 2139 2355 2201 plerumque
2397 2144 2505 2184 sunt
2537 2139 2764 2199 suspicati,

0 2291 1 2297 ,
81 2231 312 2297 hoaesslipsi
340 2233 451 2286 solis
483 2232 690 2284 annulari
723 2230 990 2282 diametrum
1028 2231 1158 2283 lunae
1183 2232 1414 2294 aliquanto
1443 2223 1658 2280 minorem
1685 2247 1916 2296 apparere,
1945 2247 2077 2294 quam
2103 2234 2138 2278 si
2166 2239 2289 2278 extra
2321 2231 2459 2279 solem
2486 2238 2762 2285 cerneretur.

31 2351 33 2367 ι
81 2323 325 2392 mmm
357 2325 519 2384 modo,
562 2341 651 2388 quo
693 2340 777 2376 nos
813 2325 1170 2378 observationem
1211 2327 1505 2383 instituimus,
1556 2325 1812 2374 luculenter
1850 2325 2050 2387 patebat,
2095 2312 2183 2372 non
2220 2325 2370 2371 lunam
2405 2324 2758 2383 diminutionem,

81 2418 165 2484 a
187 2423 333 2485 ipsum
362 2420 506 2469 solem
537 2415 934 2482 amplificationem
977 2419 1201 2481 quandam
1237 2434 1333 2465 esse
1377 2434 1569 2481 passum.
1635 2419 1720 2475 Qui
1761 2420 1880 2466 enim
1920 2420 1966 2466 in
2006 2420 2100 2481 ipsa
2138 2418 2292 2481 eclipsi
2329 2417 2596 2465 diametrum
2633 2418 2763 2469 lunae

82 2511 378 2573 namatii,
408 2530 510 2563 eam
543 2513 720 2561 calculo
755 2510 954 2575 perfecte
987 2511 1268 2561 conformem
1302 2512 1713 2576 deprehenderunt.

50 2674 53 2694 Ι
102 2629 179 2693 ,φη
174 2605 241 2674 ἠς
277 2610 351 2660 ¹1.
406 2608 466 2657 Ut
498 2610 640 2671 igitur
673 2606 731 2655 ad
764 2603 1163 2670 amplificationem
1197 2607 1306 2656 disci
1341 2609 1499 2655 solaris
1534 2609 1579 2654 in
1613 2607 1767 2670 eclipsi
1802 2607 2004 2654 annulari
2044 2606 2321 2680 observatam
2362 2613 2579 2661 revertar,
2623 2606 2765 2667 primo

30 2711 34 2716 ’
84 2699 260 2769 quidem
292 2701 350 2750 ad
381 2702 472 2750 hoc
506 2702 845 2765 phaenomenon
882 2702 954 2749 vel
988 2700 1150 2750 leviter
1182 2701 1436 2755 attendenti
1470 2703 1620 2748 statim
1655 2709 1799 2763 patet,
1835 2702 1934 2765 ejus
1966 2716 2146 2748 causam
2174 2702 2217 2747 in
2247 2697 2513 2746 refractione
2539 2697 2767 2745 radiorum

20 2754 34 2874 l
87 2771 267 2862 hm
286 2796 419 2845 lunae
458 2797 779 2858 stringentium
816 2811 920 2844 esse
959 2795 1276 2859 quaerendam.
1343 2797 1494 2844 Facile
1537 2798 1655 2843 enim
1697 2797 1986 2858 perspicitur,
2023 2797 2059 2842 si
2095 2795 2199 2842 luna
2233 2793 2542 2855 atmospbaera
2577 2790 2765 2854 quadam
2836 2835 2839 2837 Α

39 2871 262 2948 &ne
291 2891 424 2944 simili
459 2889 737 2939 circumdata
772 2897 912 2948 esset,
947 2890 1006 2939 ob
1039 2887 1358 2939 refractionem
1393 2890 1624 2937 radiorum
1659 2890 1840 2951 oblique
1875 2905 1954 2951 per
1987 2903 2086 2936 eam
2118 2889 2444 2935 transeuntium
2486 2886 2600 2932 idem
2635 2885 2765 2947 plane

26 2995 51 3007 ’·
89 2978 440 3052 mazanen,
463 2983 589 3047 quod
622 2986 669 3033 in
694 2982 946 3033 deflexione
979 2984 1209 3060 radiorum
1243 2987 1473 3042 consistit,
1509 2984 1613 3031 inde
1641 2984 1858 3032 resultare
1886 2982 2064 3030 dehere.
2134 2982 2237 3028 Non
2264 2982 2406 3027 solum
2435 2981 2574 3042 igitur
2598 2978 2767 3026 nullum

56 3053 58 3061 ‚
297 3093 526 3141 superesse
561 3078 758 3136 videtur,
795 3080 905 3141 quin
940 3078 1074 3126 lunae
1107 3078 1422 3141 atmosphaera
1462 3076 1680 3140 quaedam
1719 3077 1858 3124 tribui
1899 3075 2080 3133 debeat,
2131 3074 2212 3122 sed
2253 3077 2387 3121 etiam
2429 3088 2480 3120 ex
2523 3073 2785 3137 quantitate*

253 3171 365 3220 ionis
398 3174 538 3234 ipsam
572 3171 712 3236 hujus
744 3171 1084 3235 atmosphaerae
1119 3171 1388 3220 densitatem
1423 3167 1614 3227 definire
1646 3170 1814 3218 licebit.

36 3276 61 3351 ζ’
109 3287 174 3322 mx
214 3259 244 3329 8
279 3266 354 3318 12.
404 3265 478 3320 sit
504 3268 643 3328 igitur
670 3265 786 3328 (Εἰς.
805 3266 917 3327 210)
944 3281 1107 3329 corpus
1132 3266 1261 3314 lunae
1289 3265 1423 3314 EMF
1450 3264 1763 3327 atmosphaera
1789 3265 1910 3311 tenui
1941 3262 2066 3321 PQR
2100 3265 2313 3318 cinctum,
2347 3276 2477 3323 quam
2514 3273 2595 3321 per
2628 3265 2767 3305 totam

36 3363 213 3434 RQ
238 3356 522 3413 altitudinem
555 3359 755 3423 ejusdem
789 3358 1023 3408 densitatis
1058 3375 1156 3408 esse
1192 3374 1431 3422 ponamus,
1474 3360 1643 3406 etiamsi
1678 3374 1730 3405 ea
1765 3357 1923 3420 procul
1964 3357 2120 3414 dubio,
2163 3355 2346 3418 perinde
2380 3362 2433 3401 ut
2463 3351 2769 3413 atmosphaeia

93 3446 251 3509 m,
272 3465 297 3498 a
323 3449 561 3515 superficie
585 3455 802 3506 continuo
828 3449 911 3507 [iat
935 3455 1101 3514 rarior,
1128 3452 1275 3504 donec
1301 3452 1483 3503 tandem
1506 3452 1823 3500 insensibiliter
1850 3466 1950 3498 cum
1977 3450 2158 3497 aethere
2186 3456 2332 3496 totum
2359 3448 2547 3510 spatium
2575 3443 2769 3490 coeleste

25 3616 26 3619 Ἴ
40 3459 285 3632 tw
317 3543 636 3599 confundatur.
703 3546 924 3604 Quoniam
958 3549 1075 3597 enim
1110 3563 1160 3594 ex
1194 3547 1294 3595 aliis
1327 3523 1651 3610 phaenomenis
1679 3547 1883 3596 novimus
1908 3543 2267 3605 atmosphaeram
2294 3541 2423 3588 lunae
2451 3553 2551 3599 prae
2577 3551 2650 3591 ea,
2685 3547 2771 3596 qua

24 3627 206 3708 stiffi!
243 3638 573 3698 circumdatur,
625 3655 722 3687 esse
762 3640 1120 3695 subtilissimam,
1170 3642 1265 3687 sine
1307 3655 1458 3687 errore
1504 3642 1786 3695 varietatem,
1839 3654 1948 3702 quae
1992 3639 2036 3683 in
2076 3636 2264 3684 diversis
2302 3649 2325 3679 a
2364 3628 2603 3693 superficie
2643 3628 2772 3674 lunae

0 3785 1 3790 ,
47 3709 310 3811 hm
347 3732 496 3781 locum
537 3733 699 3791 habet,
749 3735 982 3798 negligere
1022 3736 1283 3796 poterimus
1352 3733 1450 3782 Hoc
1491 3735 1638 3796 posito
1671 3733 1860 3796 quilibet
1892 3730 2044 3779 radius
2079 3730 2211 3785 lucis,
2263 3727 2338 3788 qui
2375 3727 2418 3771 in
2463 3724 2594 3769 lunae
2630 3728 2774 3767 atmo-

48 3814 322 3948 ΡΜ
355 3826 513 3884 intrat,
546 3834 715 3880 certam
748 3827 976 3890 quandam
1011 3825 1325 3879 refractionem
1360 3829 1580 3890 patietur,
1621 3833 1717 3873 tum
1759 3839 1867 3872 vero
1907 3837 1987 3886 per
2021 3824 2154 3884 ipsam
2189 3817 2543 3880 atmosphaeram
2581 3817 2625 3861 in
2659 3815 2774 3861 linea

62 3918 224 3974 “m
236 3918 477 3973 'transibit,
510 3927 558 3966 et
589 3919 665 3967 ubi
701 3922 867 3971 iterum
901 3923 946 3970 in
981 3921 1211 3970 aetherem
1243 3919 1348 3969 inde
1379 3927 1602 3983 erumpet,
1643 3934 1804 3966 novam
1845 3913 2156 3964 refractionem
2196 3912 2330 3975 priori
2366 3909 2554 3957 similem
2591 3908 2774 3957 subibit.

233 4005 327 4037 ιιι
332 4008 383 4038 ιιι
369 4001 468 4047 trop.
480 4011 617 4047 pontim-
634 4011 666 4040 τ.
675 4012 715 4041 ιι.
2428 4006 2489 4050 50
