2950 4276
216 215 321 269 392
571 167 574 171 ’
1024 204 1082 256 L.
1120 201 1409 255 EULERI
1447 200 1672 254 OPERA
1707 200 2094 254 PosTHUMA.
2647 210 2895 256 Aaronomaz.

207 353 338 420 atque
376 353 639 402 Academiae
683 350 898 404 exhibita,
942 347 1016 394 hic
1051 361 1142 393 non
1176 353 1398 408 repetam,
1432 345 1511 393 sed
1546 361 1620 393 eas
1652 361 1726 394 res
1759 353 1934 393 tantum
1969 347 2352 408 commemorabo,
2393 365 2508 413 quae
2547 351 2605 399 ad
2639 354 2894 405 institutum

208 453 354 498 meum
387 447 535 494 facere
573 444 850 490 videbantur.

286 541 290 546 ’
337 539 363 604 §
400 544 444 586 lv.
495 539 641 594 Quum
677 537 780 582 luna
809 536 904 598 jam
936 535 1053 582 ultra
1090 509 1376 581 medietatem
1410 535 1456 580 in
1493 533 1664 580 discum
1699 534 1804 581 solis
1839 535 2074 592 intrasset,
2118 534 2312 598 solisque
2345 532 2492 599 figura
2525 537 2619 601 jam
2658 538 2895 592 admodum

204 635 365 683 falcata
415 647 625 695 apparere
669 633 908 693 coepisset,
960 636 1013 675 ut
1055 629 1264 691 angulus,
1319 644 1410 691 quo
1460 643 1626 675 cornua
1678 627 2005 675 claudebantur
2049 628 2176 675 valde
2227 638 2387 677 acutus
2426 631 2656 691 evaderet,
2712 616 2936 698 primum..

204 727 595 775 animadvertimus
637 724 808 770 discum
851 724 957 770 solis
997 739 1020 769 a
1067 723 1237 778 circulo
1278 730 1433 769 nostro
1478 724 1521 768 in
1567 722 1723 768 charta
1766 722 1991 784 descripto
2032 737 2124 794 non
2169 725 2359 785 amplius
2401 728 2520 788 capi,
2563 727 2641 774 sed
2685 744 2909 779 cornuum.

206 821 415 883 cuspides
449 827 567 866 extra
604 835 706 865 eum
742 819 933 880 porrigi,
960 817 1123 878 'margo
1158 823 1307 864 tamen
1343 816 1447 862 solis
1481 816 1538 862 ab
1573 816 1646 862 his
1680 815 1939 877 cuspidibus
1973 819 2188 863 remotior
2222 817 2372 865 adhuc
2408 829 2560 867 exacte
2594 837 2696 868 cum
2731 823 2899 875 circulo

207 915 514 962 conveniebet.
586 914 682 960 Hoc
715 913 889 958 scilicet
923 911 1262 973 phaenomenon
1298 912 1358 955 ita
1394 910 1659 972 apparebat,
1698 912 1762 956 uti
1799 912 1844 956 in
1870 906 2018 972 figura
2047 912 2142 957 207
2167 920 2548 973 repraesentatur,
2584 915 2662 961 ubi
2683 914 2903 968 AEDEA
2929 962 2944 972 v„

206 1017 275 1056 est
309 1009 508 1056 circulus
541 1010 584 1054 in
622 1007 781 1054 charta
816 981 1088 1067 descriptus,
1142 1012 1188 1050 et
1226 1002 1429 1052 GAGBG
1462 1005 1571 1050 solis
1605 1001 1750 1065 figura
1787 1002 1972 1063 falcata,
2015 1005 2147 1068 cujus
2181 1006 2390 1069 cuspides
2427 1009 2484 1065 G,
2530 1009 2567 1057 G
2602 1011 2808 1072 utrinque
2841 1013 2900 1063 ita

209 1104 326 1152 u'ltra
367 1103 586 1150 circulum
629 1100 1005 1156 extendebantur,
1058 1106 1110 1146 ut
1152 1097 1461 1160 portiunculae
1501 1097 1622 1145 EFG
1664 1099 1992 1159 prominerent,
2042 1100 2215 1162 reliqua
2254 1116 2362 1148 vero
2412 1102 2534 1149 limbi
2586 1105 2736 1165 portio
2776 1099 2908 1155 EA&

206 1198 356 1246 adhuc
393 1192 545 1243 exacte
581 1201 874 1256 congrueret.
2198 1193 2201 1195 ’
2926 1175 2927 1179 ’

264 1344 276 1357 ‘
351 1290 379 1356 ἕ
418 1293 460 1337 5.
513 1290 578 1337 lta
614 1287 851 1351 cuspidum
892 1287 930 1336 G
972 1294 1018 1334 et
1054 1287 1094 1335 G
1136 1288 1435 1349 prominentia
1476 1293 1600 1334 extra
1642 1287 1862 1335 circulum
1902 1286 2113 1352 deinceps
2155 1291 2371 1337 continuo
2409 1288 2558 1355 major.
2596 1291 2926 1355 deprehende-I·v

209 1388 360 1439 hatur,
396 1401 486 1447 quo
519 1386 740 1430 acutiores
776 1379 947 1429 fiebant
981 1382 1217 1443 cuspidum
1256 1381 1408 1443 anguli
1448 1379 1487 1428 G
1522 1388 1569 1426 et
1605 1381 1661 1439 G,
1706 1381 1850 1428 donec
1891 1382 2074 1429 tandem
2119 1399 2223 1430 cum
2265 1383 2349 1430 hae
2391 1384 2597 1447 cuspIdes
2639 1387 2929 1458 coaluissent-3*

210 1490 343 1544 atque
380 1480 447 1527 sol
490 1478 575 1526 sub
616 1478 771 1524 annuli
819 1475 963 1525 forma
1006 1478 1302 1539 apparuisset,
1355 1483 1480 1523 totus
1520 1476 1618 1538 ejus
1659 1475 1812 1523 discus
1852 1477 2072 1524 circulum
2119 1478 2376 1526 notabiliter
2415 1480 2628 1543 majorem
2668 1483 2716 1527 in
2755 1480 2925 1538 chart&

210 1577 456 1630 exhiberet,
493 1589 624 1636 quam
661 1581 756 1619 erat
790 1575 850 1627 is,
884 1587 972 1634 quo
1009 1573 1136 1618 initio
1173 1568 1376 1632 perfecto
1412 1571 1742 1618 continebatur.
1795 1571 1923 1618 Circa
1955 1571 2149 1618 medium
2176 1580 2324 1618 autem
2352 1569 2499 1634 figura
2521 1575 2672 1620 annuli
2702 1577 2764 1622 ita
2789 1551 2925 1651 ut*

213 1672 371 1716 charta
407 1669 584 1731 depicta
612 1667 990 1729 conspiciebatur,
1019 1667 1083 1710 uti
1118 1660 1266 1725 figura
1293 1666 1389 1711 208
1425 1672 1754 1730 repraesentat,
1790 1665 1867 1710 ubi
1896 1664 2071 1712 AZBN
2099 1673 2168 1712 est
2202 1665 2359 1713 discus
2393 1667 2501 1714 solis
2534 1668 2666 1731 cujus
2698 1650 2925 1730 punctunl'

213 1778 434 1811 summum
470 1765 515 1809 in
551 1762 608 1813 Z-,
644 1763 782 1807 imum
820 1762 864 1806 in
899 1759 941 1806 N
969 1759 1223 1814 exhibetur,
1260 1773 1338 1820 per
1371 1774 1507 1820 quem
1541 1757 1677 1805 ducta
1713 1766 1781 1805 est
1814 1766 1938 1806 recta
1976 1759 2273 1806 horizontalis
2306 1758 2411 1819 AB,
2462 1761 2605 1809 altero
2645 1763 2837 1838 termino
2866 1759 2927 1853 43

214 1859 455 1915 orientem,
490 1855 632 1903 altero
661 1857 697 1901 B
724 1869 937 1902 occasum
972 1855 1235 1916 respiciens:
1271 1860 1317 1898 et
1351 1853 1469 1898 azbn
1502 1860 1573 1899 est
1608 1853 1757 1899 discus
1792 1853 1937 1911 lunae,
1974 1861 2021 1899 et
2054 1862 2178 1901 recta
2214 1854 2300 1901 EF
2327 1869 2405 1916 per
2440 1856 2672 1918 utriusque
2693 1862 2922 1962 ὀεηῑιῃω

215 1952 251 1998 C
281 1959 327 1998 et
361 1967 384 1998 c
417 1952 600 2007 transit,
641 1965 752 2011 quae
787 1964 811 1995 a
848 1956 973 1994 recta
1010 1947 1209 1993 verticali
1248 1946 1331 1993 ZN
1365 1949 1545 1993 circiter
1585 1947 1752 2009 angulo
1797 1945 1880 1994 11·ῡο
1927 1946 2093 1994 distare
2137 1946 2395 2004 videbatur,
2439 1955 2594 1995 exacte
2634 1951 2783 1998 euim

214 2045 431 2106 angulum
467 2059 558 2091 non
592 2058 746 2089 sumus
780 2044 950 2098 metiti,
985 2040 1044 2088 ad
1083 2041 1166 2087 alia
1201 2040 1509 2102 phaenomena
1548 2043 1689 2101 magis
1722 2042 1909 2096 attenti3
1944 2043 2126 2087 maxima
2160 2056 2270 2104 ergo
2303 2042 2457 2090 annuli
2489 2041 2684 2091 latitudo
2717 2051 2822 2105 erat
2852 2024 2892 2087 5¹7-

214 2141 395 2186 minima
429 2153 537 2184 vero
571 2139 659 2193 Ee,
696 2152 808 2198 quae
845 2137 962 2182 illius
996 2136 1109 2197 parti
1146 2142 1329 2196 quartae
1366 2134 1699 2197 propemodum
1735 2135 1932 2197 aequalis
1964 2136 2296 2184 aestimabatur.

345 2229 453 2297 §a
505 2208 698 2283 Calculo
734 2237 886 2277 autem
942 2230 1247 2276 astronomico
1298 2243 1382 2290 pro
1432 2228 1521 2276 hoc
1571 2235 1773 2291 tempore
1825 2229 1991 2291 collegi
2044 2228 2425 2277 semidiametrum
2462 2231 2583 2280 solis
2632 2247 2823 2300 apparet·

215 2319 423 2372 :952“
466 2333 512 2372 et
550 2326 929 2372 semidiametrum
978 2323 1111 2370 lunae
1168 2316 1400 2380 ---898”,
1448 2339 1561 2385 quae
1609 2338 1867 2381 mensurae,
1916 2331 2159 2386 antequam
2206 2324 2359 2371 discus
2403 2325 2509 2373 solis
2556 2328 2676 2374 circa
2725 2307 2903 2393 temus*

148 2476 151 2477 ⁷
217 2435 305 2481 quo
339 2421 532 2466 annulus
563 2417 748 2466 formari
784 2419 957 2480 coepit,
992 2418 1110 2464 hanc
1143 2416 1450 2464 dilatationem
1487 2425 1606 2464 esset
1638 2433 1815 2479 passuS,
1857 2419 1966 2466 satis
1998 2426 2151 2465 exacte
2189 2435 2290 2466 cum
2327 2418 2637 2468 observatione
2671 2437 2845 2486 conve·¹

218 2512 344 2570 baut,
383 2492 440 2559 ita
475 2520 527 2560 ut
559 2514 647 2560 hoc
682 2514 784 2560 loco
821 2512 994 2559 theoria
1031 2511 1155 2558 nulla
1191 2510 1501 2558 emendatione
1537 2494 1753 2573 indigeat.
1824 2512 1885 2558 Ex
1924 2511 2161 2559 duratione
2195 2527 2330 2575 porro
2361 2513 2515 2560 annuli
2549 2514 2752 2579 conclusi
2784 2517 2861 2578 mi
2894 2498 2941 2566 4ῗ

217 2621 332 2653 mam
367 2614 627 2654 centrorum
660 2607 767 2653 solis
801 2622 853 2652 ac
887 2607 1020 2652 lunae
1056 2604 1313 2652 distantiam
1348 2603 1440 2652 sere
1481 2598 1571 2653 53'‘
1601 2621 1698 2652 esse
1734 2605 1964 2653 debuisse:
2000 2606 2120 2652 unde
2154 2608 2191 2654 si
2226 2592 2383 2654 discus
2410 2609 2520 2655 solis
2552 2610 2600 2655 in
2634 2588 2827 2675 regione,
2860 2595 2899 2650 »⁴
2936 2614 2939 2669 j

218 2701 292 2748 ubi
329 2700 482 2748 annuli
518 2703 835 2749 maximaerat
868 2698 1093 2755 latitudo,
1126 2679 1295 2745 nullam
1329 2700 1656 2761 ampliationem
1691 2715 1847 2762 passus
1882 2716 1980 2747 esse
2013 2708 2289 2756 assumatur,
2329 2703 2540 2764 quoniam
2574 2703 2768 2753 vidimus
2894 2691 2896 2711 ³

219 2796 547 2858 ampliationem
582 2798 626 2841 in
660 2798 714 2841 iis
745 2802 922 2846 tantum
943 2795 1070 2858 vlocis
1107 2809 1193 2840 usu
1227 2794 1423 2851 venisse,
1459 2795 1535 2840 ubi
1571 2769 1693 2840 limbi
1730 2795 1839 2841 solis
1870 2810 1922 2842 ac
1956 2795 2086 2842 lunae
2113 2810 2159 2841 se
2187 2802 2345 2843 mutuo
2373 2798 2566 2858 proxime
2589 2781 2802 2863 coming?
2886 2795 2895 2805 ³
2941 2802 2948 2858 .'

219 2897 316 2936 erat
352 2889 425 2936 CF
441 2884 658 2948 :9523
693 2885 821 2946 cf:
842 2886 959 2935 898¹
1005 2895 1051 2933 et
1093 2888 1232 2934 Co:
1254 2886 1360 2946 53'',
1398 2865 1766 2950 ideoque‘Cf'=
1786 2887 1922 2946 825'3
1963 2905 2016 2936 ac
2051 2897 2287 2952 propterea
2321 2892 2511 2938 maxima
2543 2892 2696 2940 annuli
2727 2887 2806 2957 lag’
2840 2916 2853 2944 r
2890 2879 2946 2950 ³„st

220 2979 360 3040 Ff=
385 2982 513 3041 107'',
548 3000 662 3046 quae
697 2999 800 3030 cum
836 2984 989 3030 annuli
1025 2979 1198 3045 figura,
1234 2998 1368 3044 quam
1404 2982 1744 3041 delineavimus,
1783 2985 1892 3030 satis
1926 2990 2081 3031 exacte
2115 2985 2342 3032 convenit.
2839 2971 2865 3049 ι’

357 3077 385 3143 §
421 3082 464 3125 7.
518 3079 632 3124 Hinc
667 3085 873 3142 appar‚et
910 3079 993 3123 nisi
1030 3076 1181 3123 discus
1216 3078 1321 3124 solis
1355 3079 1477 3124 circa
1512 3079 1738 3125 minimam
1774 3079 1926 3125 annuli
1969 3077 2255 3126 latitudinem
2296 3080 2341 3126 in
2388 3081 2457 3128 Ee
2496 3077 2655 3128 fuisset
2692 3081 2780 3129 dila
2813 3117 2814 3120 η
2877 3063 2882 3068 ἱ
2928 3078 2930 3081 ’

222 3179 389 3234 quanta
423 3172 535 3219 haec
570 3171 761 3218 latitudo
795 3173 860 3218 Ee
895 3187 989 3218 esse
1018 3170 1261 3218 debuisset.
1323 3172 1370 3219 Si
1398 3173 1516 3218 enim
1543 3179 1736 3234 ponatur
1771 3173 1927 3220 CE—
1865 3206 1927 3214 -
1948 3171 2086 3230 952'2
2121 3172 2179 3219 ob
2212 3187 2339 3220 ce=
2360 3173 2479 3222 898''
2528 3182 2605 3223 et
2628 3175 2764 3222 68-
2711 3208 2765 3221 --
2776 3156 2855 3242 9,
2883 3123 2941 3213 ³

220 3264 341 3314 foret
390 3268 568 3313 minima
611 3266 764 3312 annuli
813 3266 1008 3312 latitudo
1057 3267 1438 3328 Ee=1‚quae
1484 3273 1633 3312 tamen
1674 3264 1910 3314 manifesto
1947 3267 2078 3314 nobis
2118 3268 2213 3315 visa
2253 3274 2324 3314 est
2364 3275 2546 3331 quartae
2587 3263 2794 3333 circiter.
2818 3261 2884 3310 ·'³

223 3358 472 3406 latitudinis
506 3360 726 3404 maximae
764 3354 836 3414 Ff‘
859 3359 1070 3420 aequalis.
1137 3359 1242 3404 Erat
1276 3374 1388 3421 ergo
1422 3358 1618 3406 latitudo
1656 3361 1723 3406 Ee
1763 3361 1941 3406 circiter
1973 3359 2140 3407 =26”
2145 3397 2157 3418 ‚
2207 3376 2348 3423 quum
2391 3377 2442 3408 ea
2483 3369 2653 3420 tamen,
2703 3365 2754 3414 si
2919 3408 2921 3418 ,

223 3453 330 3500 solis
361 3453 531 3500 nullam
565 3454 875 3513 expansionem
911 3460 1030 3498 esset
1064 3454 1242 3514 passm,
1286 3453 1386 3515 plus
1422 3469 1510 3500 uno
1547 3455 1718 3500 minuto
1755 3453 1957 3501 secundo
2002 3456 2232 3501 continere
2277 3471 2369 3502 non
2409 3455 2680 3504 debuisset..
2719 3455 2906 3523 Fraw'
2935 3480 2938 3484 ⁸

222 3545 330 3594 furti
357 3546 412 3593 ad
432 3546 668 3603 Viadrum,
694 3561 718 3590 a
754 3546 917 3591 celebri
956 3548 1050 3592 viro
1085 3546 1307 3604 Pohlar,
1344 3547 1459 3593 idem
1494 3547 1833 3609 phaenomenon
1868 3556 1938 3596 est
1969 3549 2277 3602 observatum,
2310 3550 2386 3596 uhi
2419 3549 2628 3597 distantia
2663 3518 2933 3617 ceutrfi'i'*

224 3642 329 3687 solis
363 3656 415 3687 ac
450 3641 579 3687 lunae
615 3640 764 3687 adhuc
800 3642 942 3686 minor
975 3647 1072 3686 erat
1105 3655 1238 3701 quam
1275 3641 1372 3692 hic:
1428 3655 1566 3703 quum
1599 3640 1722 3688 enim
1757 3643 1950 3690 annulus
1986 3644 2047 3690 ibi
2081 3643 2284 3692 durasset
2318 3643 2384 3702 ἵν’,
2436 3644 2661 3692 concludo
2699 3643 2926 3705 miffar

224 3741 481 3781 centrorum
519 3733 771 3780 distantiam
808 3736 988 3780 circiter
1026 3727 1118 3781 35''
1155 3732 1312 3789 misse,
1349 3734 1468 3784 unde
1504 3736 1658 3784 annuli
1700 3736 1891 3786 latitudo
1929 3739 2116 3784 maxima
2150 3738 2355 3801 prodiret
2381 3732 2495 3793 89⁰,
2528 3754 2582 3789 ac
2610 3741 2805 3806 minima
2845 3688 2914 3793 ᾤ

228 3829 287 3875 At
333 3831 511 3874 minima
565 3828 758 3875 latitudo
808 3830 933 3890 quasi
985 3827 1209 3891 subdupla
1258 3831 1494 3888 maximae,
1546 3829 1738 3893 ideoque
1782 3825 1876 3880 lehn
1919 3832 2258 3891 aestimabatur,
2310 3834 2371 3881 ita
2408 3840 2463 3880 ut
2502 3835 2636 3882 etiam
2673 3833 2737 3881 ibi
2784 3814 2846 3872 w*

226 3922 333 3968 solis
367 3923 485 3982 circa
522 3921 645 3979 loca,
683 3922 759 3968 ubi
794 3923 948 3969 annuli
981 3922 1172 3971 latitudo
1208 3931 1304 3970 erat
1338 3925 1540 3980 minima,
1577 3918 1675 3971 25''
1713 3906 1898 3988 perinde
1931 3941 1984 3974 ac
2017 3926 2092 3974 hic
2127 3934 2251 3974 esset
2280 3926 2507 3976 dilatatuS.
