2950 4276
4 1722 5 1738 l

3 1814 5 1834 l

619 193 696 246 De
737 171 1084 265 atmospliaera
1119 191 1261 247 lunae
1298 212 1363 246 ex
1401 194 1574 266 eclipsi
1605 194 1724 248 solis
1760 194 1999 248 annulari
2030 195 2199 249 evicta.
2307 175 2312 177 ‘
2658 197 2753 250 401

37 335 407 422 ypoferendum
455 339 515 385 sit
563 339 640 396 iis,
691 353 806 400 quae
847 353 1016 386 summa
1067 354 1178 387 cura
1218 346 1354 402 atque
1403 340 1662 403 ingentibus
1701 340 1923 389 sumtibus
1960 357 2084 389 nunc
2126 342 2272 405 parari
2313 341 2476 390 solent.
2544 339 2592 388 Si
2643 342 2762 388 enim

38 432 350 502 pchlearum
385 431 593 496 cuspides
623 431 840 491 ambabus
874 433 1018 479 stellis
1051 434 1189 480 semel
1222 430 1394 480 fuerint
1433 434 1668 491 admotae,
1707 432 1918 483 facillime
1959 435 2210 499 apparebit,
2254 437 2292 484 si
2331 451 2489 484 earum
2527 435 2761 483 stellarum

56 512 271 604 {stantia
305 525 606 586 diminuatur,
641 533 779 589 atque
813 527 907 589 ipsa
942 525 1179 573 diminutio
1213 542 1294 589 per
1329 527 1620 575 cochlearum
1652 530 1977 577 revolutionem
2013 547 2106 578 non
2140 527 2389 578 difficulter
2423 526 2678 578 definietur.

154 688 157 691 ,
191 633 222 703 §
259 638 336 685 ¹40.
387 636 600 698 Physicae
652 630 847 699 quidem‘
884 635 1075 682 sanioris
1123 636 1341 698 principia
1391 637 1746 699 atmosphaeram
1790 637 1924 685 lunae
1965 646 2087 690 extra
2131 637 2316 686 dubiuin
2361 639 2601 694 collocant.
2669 637 2762 686 Sed

106 737 173 791 ⁴c,
209 730 332 796 quod
365 731 700 779 observationes
733 713 863 782 nobis
895 725 1229 799 patefecerunt,
1277 745 1370 777 non
1411 731 1561 777 minus
1601 733 1763 793 mirum
1797 731 1997 789 videtur,
2040 733 2396 796 atmosphaeram
2437 734 2569 781 lunae
2610 740 2762 780 tanto-

55 836 164 894 ἦρτο
204 840 300 874 esse
340 832 543 883 tenuem,
594 831 649 872 ut
688 824 788 888 ejus
828 809 1023 871 effectus
1064 820 1159 870 fere
1201 824 1458 871 evanescat.
1526 823 1637 872 Cum
1687 827 1807 872 enim
1857 840 1995 888 super
2042 833 2163 874 terra
2212 825 2422 874 refractio
2469 827 2762 876 horizontalis

94 919 293 970 ···dium
332 920 525 984 gradum
565 926 768 984 superet,
791 915 857 967 ‘si
899 919 1008 967 luna
1046 920 1143 987 pari
1181 918 1495 982 atmosphaera
1534 925 1669 983 atque
1718 927 1838 967 terra
1873 926 1990 967 esset
2022 921 2191 978 cincta,
2243 919 2390 967 sidera
2441 936 2579 983 prope
2630 922 2788 969 lunae-

47 955 66 1059 θ
93 1015 245 1064 mbum
277 1016 395 1064 ultra
429 1014 621 1078 gradum
663 1014 721 1062 de
762 1030 846 1063 suo
887 1014 990 1062 loco
1032 1012 1436 1078 detorquerentur:
1488 1030 1607 1062 nunc
1650 1015 1821 1077 igitur,
1854 1030 1960 1063 cum
1993 1015 2080 1062 iste
2115 1011 2306 1062 effectus
2338 1013 2525 1062 fortasse
2559 1017 2629 1062 vix
2664 1008 2760 1065 20''

48 1122 92 1207 ξ»
111 1111 267 1170 cedat,
315 1116 465 1159 aerem
514 1111 719 1159 lunarem
760 1107 858 1157 fere
899 1108 1138 1157 ducenties
1176 1111 1389 1158 rariorem
1429 1125 1532 1158 esse
1579 1108 1764 1173 oportet
1813 1126 1948 1174 quam
1991 1117 2216 1164 nostrum;
2266 1124 2319 1155 ex
2359 1124 2449 1172 quo
2491 1108 2762 1157 concludere

52 1210 69 1261 ,ῑζ
90 1250 96 1256 .
117 1213 185 1267 et,
220 1222 275 1254 ex
307 1202 549 1270 superficie
584 1206 715 1254 lunae
751 1204 825 1253 vel
864 1204 1014 1252 nullos
1056 1204 1188 1267 plane
1230 1220 1418 1268 vapores
1458 1204 1727 1264 ascendere,
1767 1204 1842 1253 vel
1875 1206 2108 1252 materiam
2141 1204 2283 1251 lunae
2310 1210 2406 1250 tam
2447 1217 2542 1250 esse
2577 1203 2763 1251 solidam

145 1301 399 1369 siccam-ut
430 1300 543 1358 nulli
577 1297 672 1348 fere
705 1301 1012 1363 evaporationi
1047 1301 1106 1348 sit
1137 1300 1349 1354 obnoxia:
1391 1301 1501 1364 quin
1536 1302 1675 1348 etIam
1710 1316 1799 1348 usu
1832 1300 2090 1363 longiorum
2129 1299 2343 1347 tuborum
2384 1299 2631 1346 astronomi
2666 1298 2763 1362 jam

44 1409 45 1415 ¹
95 1402 165 1444 nt
195 1378 371 1456 edocti,
421 1394 618 1467 maculas
651 1383 752 1466 illas
786 1394 1072 1443 obscuriores
1104 1396 1152 1442 in
1184 1393 1312 1453 luna,
1355 1410 1469 1458 quae
1503 1396 1643 1458 vulgo
1676 1411 1759 1460 pro
1793 1396 1922 1459 aquis
1956 1401 2004 1442 et
2038 1394 2227 1442 lacubus
2265 1392 2426 1440 haberi
2467 1392 2638 1451 solent,
2681 1407 2761 1456 pro

50 1257 92 1504 3-

52 1537 103 1695 a.

52 1497 57 1534 '2
104 1513 123 1534 fe
139 1489 323 1571 'onibus
347 1492 500 1556 potius
531 1489 690 1549 aridis,
723 1477 825 1538 sive
852 1490 1105 1554 spelunciS,
1142 1484 1238 1538 sive
1262 1490 1397 1538 'silvis
1429 1489 1585 1538 haberi
1619 1493 1853 1555 oportere',
1887 1504 2020 1554 quam
2055 1504 2138 1554 pro
2170 1486 2382 1536 humidiS.

116 1542 124 1549 a

87 4065 113 4124 9·
233 4067 268 4099 t..
278 4066 404 4099 lnior&
413 4068 465 4107 ορ.
478 4067 619 4108 pontiam
631 4069 714 4101 1211.
2404 4029 2461 4076 51

61 4138 63 4141 v
94 4126 99 4146 ι
