2950 4276
1234 1046 1408 1118 XXI.
1450 1052 1459 1061 ’

89 1196 562 1325 “instructio
578 1332 581 1336 ῃ
598 1232 1096 1298 Manometri
1140 1232 1622 1297 densitatem
1659 1234 1873 1314 aeris
1910 1237 2192 1314 quovis
2228 1240 2592 1321 tempore

835 1352 1222 1415 accurate
1258 1352 1807 1441 monstrantis,

36 1850 142 1926 S
179 1857 220 1901 1.
270 1852 383 1900 Cum
417 1849 564 1897 om'nia
599 1865 785 1912 corpora
820 1850 882 1894 in
900 1854 1001 1894 aere
1035 1854 1210 1894 tantum
1252 1847 1308 1894 de
1347 1863 1430 1896 suo
1471 1839 1671 1910 pondere
1707 1863 1812 1895 vero
1855 1851 2082 1907 amittant,
2124 1859 2339 1913 quantum
2381 1861 2450 1900 est
2491 1855 2667 1918 pondus

40 1954 44 1957 ’
121 1949 203 1996 sub
238 1946 396 1995 eodem
433 1948 656 1993 volumine
691 1946 915 1997 contenti,
959 1930 1063 1989 hine
1107 1945 1356 1989 tutissimus
1397 1943 1556 1990 modus
1595 1944 1926 2006 suppeditatur,
1980 1946 2094 1992 a‘eris
2128 1945 2394 1993 densitatem
2429 1949 2474 1995 in
2508 1953 2667 2011 quovis

29 2014 31 2071 l
96 2036 229 2088 statu
262 2040 542 2100 explorandi,
586 2046 823 2099 propterea
857 2035 977 2097 quod
1012 2038 1127 2082 aeris
1163 2036 1357 2082 densitas
1391 2052 1564 2099 semper
1603 2040 1949 2099 proportionalis
1983 2046 2053 2086 est
2087 2039 2296 2101 ponderi,
2337 2042 2457 2104 quod
2493 2051 2664 2090 certum

0 2288 1 2297 ἵ
30 2245 43 2294 j!
95 2248 125 2267 vs
162 2233 364 2288 tempore
400 2212 741 2272 diminutionem
777 2223 1009 2285 ponderis,
1042 2238 1197 2285 quam,
1233 2239 1399 2285 corpus
1427 2224 1668 2286 quodpiam
1704 2221 1841 2272 fixum
1876 2227 2090 2288 patiatur,
2126 2234 2363 2285 monstret,
2401 2229 2518 2291 quod
2546 2246 2662 2292 quo-

112 2147 183 2180 en
217 2140 336 2179 esset
368 2132 651 2184 habiturum,
688 2129 879 2192 ideoque
915 2130 976 2175 nil
1010 2129 1130 2176 aliud
1167 2131 1421 2191 requiritur,
1463 2132 1545 2176 nisi
1580 2138 1632 2177 ut
1663 2130 1878 2178 idoneum
1916 2134 2265 2180 instrumentum
2300 2141 2500 2195 paretur,
2544 2137 2663 2198 quod

139 2319 496 2368 commodissime
531 2320 703 2365 institui
739 2325 875 2380 queat
909 2317 984 2363 hic
1019 2321 1272 2364 accuratius
1306 2317 1647 2379 perpendemus.

31 2470 32 2481 ι
72 2459 77 2469 ’
172 2431 218 2490 2.
269 2442 398 2490 Hunc
433 2445 478 2488 in
514 2438 652 2489 finem
691 2442 889 2504 eligatur
929 2441 1166 2503 quodpiam
1209 2454 1399 2503 corpus,
1444 2442 1577 2506 cujus
1615 2441 1811 2489 indolem
1854 2442 2065 2505 deinceps
2110 2445 2306 2495 exactius
2343 2442 2661 2499 describemuS‚

32 2591 46 2603 γ’
73 2589 79 2606 2
111 2521 345 2585 volumen
381 2538 441 2584 sit
474 2534 620 2589 =AE
661 2551 747 2598 qua
783 2533 933 2581 littera
968 2535 1100 2582 simul
1136 2533 1361 2581 indicetur
1395 2534 1571 2598 pondus
1605 2537 1801 2598 aequalis
1835 2538 2075 2584 voluminis
2108 2553 2269 2599 aquae,
2313 2545 2358 2583 et
2391 2540 2492 2599 quia
2525 2539 2662 2601 ipsius

7 2685 10 2692 Ι
73 2633 81 2694 2
142 2630 294 2694 plau-es
327 2629 492 2676 dantur
523 2631 712 2692 specieS,
748 2644 861 2691 quae
896 2644 979 2691 pro
1013 2628 1196 2675 diverso
1232 2628 1392 2675 caloris
1432 2628 1579 2690 gradu
1613 2631 1756 2692 magis
1791 2631 1994 2677 minusve
2029 2631 2330 2691 extenduntur
2367 2639 2445 2678 aut
2477 2640 2663 2679 contra-

32 2785 34 2787 ·
80 2792 81 2795 Ἴ
122 2747 124 2761 ÷
152 2759 167 2782 ,
203 2724 259 2771 ad
300 2731 504 2772 nostrum
539 2723 796 2771 institutum
830 2718 1025 2777 sufficit,
1080 2730 1129 2769 ut
1164 2730 1290 2770 certa
1323 2737 1463 2785 aquae
1497 2725 1667 2786 species
1703 2714 1785 2786 pro
1817 2717 2114 2772 determinato
2149 2725 2309 2772 caloris
2342 2724 2486 2787 gradu
2521 2725 2662 2787 eliga-

32 2843 47 2871 ν,
108 2843 127 2869 -,
157 2817 246 2881 jus
286 2832 397 2879 ergo
448 2816 622 2879 pondus
661 2817 745 2863 sub
790 2817 1013 2865 volumine
1059 2816 1101 2864 A
1151 2824 1415 2864 contentum
1457 2824 1666 2864 accurate
1716 2813 1970 2865 definiatur.
2041 2817 2207 2863 Eodem
2258 2825 2407 2863 autem
2460 2826 2661 2879 tempore

127 2913 311 2977 ,pondus
343 2915 483 2976 ipsius
515 2915 721 2976 corporis
754 2913 838 2960 sub
874 2913 1098 2960 volumine
1133 2913 1177 2960 A
1216 2913 1417 2959 contenti
1463 2926 1789 2965 mensuremus,
1833 2910 1954 2974 quod
1997 2913 2057 2958 sit
2096 2910 2276 2965 =oeA‚
2330 2914 2389 2957 ita
2419 2913 2475 2956 'ut
2509 2912 2566 2956 sit
2602 2909 2659 2956 ad

33 3030 50 3064 2-
180 3004 377 3070 'aequalis
411 3008 651 3055 voluminis
684 3023 848 3071 aquae,
886 3015 936 3055 ut
969 3025 999 3053 α
1029 3006 1085 3053 ad
1120 3010 1159 3053 1.
1232 3006 1315 3053 Pro
1349 3004 1510 3053 eodem
1545 3012 1692 3052 autem
1727 3013 1931 3066 tempore
1964 3011 2176 3052 accurate
2213 3000 2452 3051 definiatur
2485 3002 2660 3065 pondus

114 3108 159 3141 ‘-
207 3102 441 3150 voluminis
474 3105 611 3158 aeris,
645 3101 766 3165 quod
801 3103 860 3149 sit
892 3096 1068 3152 =3A,
1104 3103 1163 3147 ita
1201 3107 1252 3147 ut
1286 3099 1374 3147 hoc
1408 3106 1611 3161 tempore
1647 3098 1842 3144 densitas
1876 3099 1989 3144 ae‘ris
2023 3113 2070 3144 se
2105 3097 2268 3144 habeat
2301 3096 2358 3144 ad
2393 3095 2659 3143 densitatem

53 3172 321 3255 nostrae
348 3192 484 3252 fixae,
519 3203 571 3244 ut
603 3191 631 3244 δ
666 3196 723 3244 ad
756 3198 806 3251 1,
842 3212 957 3259 quae
993 3196 1282 3256 investigatio
1317 3209 1401 3256 ope
1435 3192 1598 3240 antliae
1635 3193 1941 3254 pneumaticae
1977 3190 2331 3238 commodissime
2365 3186 2463 3237 fieri
2498 3198 2658 3262 potest.

118 3318 219 3367 ³.
268 3319 380 3368 Cum
416 3322 556 3382 igitur
588 3319 664 3369 αΑ
697 3295 886 3369 denotet
920 3334 1076 3366 verum
1112 3316 1290 3380 pondus
1323 3317 1523 3379 corporis
1559 3316 1604 3361 in
1639 3314 1760 3362 hunc
1795 3310 1930 3361 finem
1965 3313 2117 3367 electi,
2152 3313 2248 3376 ejus
2291 3312 2466 3375 pondus
2505 3311 2661 3359 obser-

131 3409 333 3462 'scilicet
371 3415 431 3462 ob
469 3416 585 3462 a'eris
630 3414 898 3462 densitatem
939 3413 1212 3460 diminutum
1247 3412 1334 3458 erit
1368 3411 1494 3473 (α-
1516 3406 1646 3472 δ)Α,
1699 3407 1820 3471 quod
1856 3422 1958 3454 cum
1993 3422 2018 3454 a
2052 3406 2226 3454 bilance
2266 3404 2551 3460 ostendatur,
2602 3407 2660 3452 sit

116 3507 208 3554 tis
247 3510 389 3571 gratia
434 3510 573 3556 =P.
645 3510 792 3556 Primo
843 3514 994 3555 autem
1046 3505 1120 3553 hic
1171 3518 1448 3553 assumamus
1497 3503 1707 3551 volumen
1756 3502 1957 3563 corporis
2006 3501 2147 3547 nostri
2188 3498 2233 3547 Α
2282 3506 2496 3562 perpetuo
2544 3498 2659 3545 idem

144 3632 150 3636 -
201 3613 344 3665 neque
385 3618 408 3649 a
452 3602 629 3650 diverso
670 3603 833 3650 caloris
873 3601 1018 3664 gradu
1071 3599 1207 3648 ullam
1253 3600 1541 3646 mutationem
1584 3597 1755 3651 subire;
1812 3594 2022 3656 deincep's
2056 3595 2172 3640 enim
2205 3590 2338 3640 facile
2372 3595 2476 3649 erit,
2527 3594 2659 3640 etiam

98 3684 107 3757 Α,
149 3689 403 3743 mutationis
435 3699 652 3745 rationem
688 3698 734 3743 in
768 3695 947 3743 calculo
982 3694 1163 3741 babere.
1232 3692 1314 3740 Hic
1348 3698 1525 3739 tantum
1559 3696 1738 3737 notasse
1770 3683 1987 3741 sufficiat,
2031 3700 2338 3749 quamcunque
2374 3687 2659 3732 mutationem

29 3762 110 3839 ³.
156 3799 185 3832 11
216 3786 262 3836 A
292 3793 489 3853 patiatur
527 3792 718 3838 litteram
761 3809 791 3835 α
833 3789 1019 3836 similem
1064 3766 1355 3835 mutationem
1392 3788 1572 3833 inverso
1607 3783 1739 3831 modo
1784 3783 1873 3845 pati
1909 3780 2093 3834 debere,
2147 3781 2206 3826 ita
2246 3786 2296 3827 ut
2329 3780 2551 3841 quantitas
2585 3776 2663 3827 αᾸ

98 3844 158 3934 33:
179 3931 194 3942 ,,
221 3884 424 3946 leundem
459 3886 652 3934 valorem
686 3892 937 3958 conservet.
2566 3856 2571 3862 ’

92 3992 119 4045 ᾗ,
169 3988 282 4023 lauti
299 3994 351 4031 ορ.
364 3995 499 4031 posthum·
516 3994 595 4023 ⁶1:11.
2314 3972 2342 4015 7
2357 3971 2374 4015 ¹

99 4050 104 4068 l

33 4023 155 4276 {l
